2956 4942
667 315 875 378 ..40-

405 488 552 571 Nusqum
573 485 650 550 alibi
664 484 845 568 Leucippus
862 487 994 548 vocatur
1009 487 1187 564 καθηγητή(
1200 484 1343 569 Epicuri.

405 596 529 680 Ecquid
543 617 618 660 vero
634 595 673 659 de
689 595 826 660 lectione
840 595 980 679 genuina
995 594 1249 659 contendamus?
1272 594 1345 660 Una
1364 597 1370 606 '

407 707 492 771 eninr
514 707 615 770 altera
636 705 738 769 nihilo
760 704 967 788 probabilior.
1008 704 1217 788 Reliquorum
1239 707 1345 770 autem

406 817 596 900 placitorum
610 815 705 879 facilc
719 815 955 899 praetermittes
971 818 1132 880 auctorem
1142 815 1345 900 Epicureum,

407 928 433 991 si
454 927 533 991 hacc
555 925 777 990 tantummodo
801 925 1001 1010 cognoveris:

283 1040 316 1125 a)
339 1037 528 1121 Ubicunque
543 1036 743 1100 Metrodorus
766 1057 830 1100 una
845 1057 920 1100 cum
930 1036 1070 1120 Epicuro
1094 1036 1248 1119 laudatur,
1270 1035 1347 1101 huic

199 1149 370 1232 antecedit,
392 1149 578 1232 plerumque
594 1147 799 1231 Anaxagora,
821 1135 1020 1228 Parmenide,
1043 1145 1240 1229 Democrit0,
1262 1146 1346 1210 aliis-

200 1282 275 1343 que,
299 1260 353 1343 qui
368 1258 470 1322 multo
493 1260 568 1320 ante
582 1256 757 1340 Epicurum
779 1256 967 1339 floruerunt,
990 1256 1192 1340 philosophis
1215 1257 1347 1321 circum·

200 1370 302 1435 datus.
324 1395 328 1405 “
349 1368 412 1453 (of.
437 1367 543 1432 Schol.
567 1367 606 1432 ad
628 1368 718 1430 Arat.
742 1366 829 1450 940.)

229 1535 231 1540 .
284 1480 320 1566 b)
355 1479 394 1544 Iu
427 1478 610 1542 universum
641 1476 805 1541 dumtaxat
831 1476 1017 1561 philosophi
1044 1477 1196 1558 citantur,
1233 1479 1348 1563 quibus

202 1591 339 1655 maxime
367 1589 528 1653 rationum
552 1588 728 1652 declaratur
749 1587 931 1672 progressio
960 1609 1031 1652 cum
1054 1589 1185 1653 omnino
1207 1589 1349 1674 philoso-

201 1700 339 1786 phandi,
360 1702 430 1763 tum
452 1699 608 1782 imprimis
631 1698 670 1762 de
691 1697 847 1782 physicis,
872 1719 1102 1782 nonnunquam
1125 1699 1222 1763 modo
1245 1702 1350 1764 sectae

202 1811 373 1875 laudantur
394 1810 654 1892 Platonicorum,
678 1796 872 1892 Stoicorum,
895 1807 1180 1893 Pythagoreorum.

125 1915 127 1919 ’
288 1922 325 2005 c)
354 1918 429 2003 Ipsa
457 1918 632 1983 Metrodori
660 1918 794 2003 placita,
828 1919 896 1982 fere
924 1919 1031 1983 omnia
1058 1919 1098 1983 ab
1126 1919 1257 2003 Epicuri
1285 1942 1352 1984 una

118 2076 121 2083 ·
202 2032 338 2097 laudatis
353 2029 503 2094 nonnihil
518 2028 735 2112 discedentia,
759 2028 954 2114 singularem
969 2029 1005 2093 in
1019 2029 1161 2113 physicis
1177 2031 1353 2096 ostendunt

202 2144 353 2208 mentem.
404 2139 511 2218 Adde,
547 2139 632 2222 quod
659 2139 755 2223 plane
783 2140 819 2202 in
848 2139 1037 2203 contrariam
1065 2140 1133 2204 abit
1160 2141 1352 2205 sententiam

203 2251 404 2317 Metrodorus
440 2250 525 2313 inter
556 2248 775 2313 Democritum
812 2252 844 2312 et
874 2248 1086 2334 Protagoram
1123 2251 1230 2315 illatus
1267 2251 1352 2335 apud

203 2363 363 2429 Joannem
397 2359 633 2424 Damascenum
668 2359 704 2423 in
737 2358 909 2443 Florilegio
947 2360 1024 2442 (vid.
1062 2359 1150 2425 Stob.
1182 2360 1267 2425 Flor.
1302 2363 1350 2426 ed.

204 2464 343 2538 Meinek.
365 2474 442 2535 tom.
459 2469 507 2535 IV
528 2491 600 2555 pag.
619 2469 678 2534 147
695 2471 815 2556 seqq),
838 2469 954 2552 quippe
977 2469 1028 2533 cui
1051 2476 1182 2551 ψευδεῖ(
1197 2473 1280 2539 εἶναι
1294 2475 1352 2539 τὰ(

205 2585 358 2665 uictricem
392 2581 549 2665 judicanti
583 2580 691 2664 paullo
726 2583 802 2663 post
837 2580 1028 2665 adjungatur
1060 2581 1217 2665 Epicurus
1255 2583 1352 2668 (ibid.

163 2690 165 2693 ’
204 2715 277 2778 pag.
294 2692 372 2775 234)
395 2695 500 2757 rrdcuv
516 2689 655 2770 αἴεθηον
670 2727 713 2736 -
728 2690 829 2770 ἀληθῆ
853 2690 1046 2756 existimans.
1078 2690 1156 2758 Cum
1171 2691 1221 2756 his
1243 2695 1353 2758 tamen

205 2804 338 2887 quisque
371 2800 570 2865 confusionis
604 2800 844 2884 cognoscendae
878 2801 1010 2885 cupidus
1044 2807 1206 2886 comparet
1233 2803 1352 2868 Euseb.

204 2915 225 2978 l.
251 2936 276 2978 ο.
300 2911 386 2988 XIV,
412 2910 473 2975 766
488 2909 528 2973 A.
544 2909 587 2973 B:
610 2911 687 2975 robe
709 2912 788 2976 κατὰ
811 2912 1034 2991 Μητρόδωρον
1056 2916 1108 2979 καὶ
1127 2914 1353 2994 Πρωταγόραν

206 3025 317 3105 μόναι(
346 3022 414 3089 δεῖν
443 3022 626 3102 φάεκοντοτ
655 3025 724 3086 ταῖς
751 3026 810 3087 τοῦ
839 3023 986 3103 τώματο(
1007 3024 1162 3090 πιττεύειν
1191 3025 1353 3104 arcaque.

206 3133 356 3200 Ceterum
383 3131 448 3196 utri
475 3131 531 3195 illa
558 3131 727 3195 tribuenda
754 3131 819 3196 sint
845 3132 978 3218 placita,
1008 3132 1128 3198 Chione
1155 3133 1352 3219 Metrodor0,

206 3242 382 3308 Democriti
397 3240 542 3324 auditori,
565 3263 607 3304 an
620 3241 857 3325 LampsacenO,
881 3243 1093 3327 Anaxagorae
1109 3243 1276 3328 discipulo,
1299 3248 1355 3309 aut

207 3375 285 3438 quae
307 3353 449 3435 utrique,
467 3350 617 3439 ,equidem
636 3351 761 3435 dubito,
783 3375 860 3416 num
884 3375 1023 3436 unquam
1039 3354 1133 3417 certis
1156 3355 1353 3438 argumentis

206 3464 307 3548 possit
329 3461 542 3545 comprobari,
573 3483 676 3545 neque
702 3461 796 3546 hujus
825 3463 1019 3545 quaestionis
1050 3463 1273 3548 disceptandae
1300 3464 1354 3529 hic

207 3577 255 3639 est
277 3574 364 3638 locus
387 3571 530 3636 idoneus.

290 3682 364 3748 Jam
379 3681 563 3746 Athenaeus
577 3681 636 3765 IX,
652 3683 713 3747 391
729 3682 759 3746 D
782 3683 893 3747 scribit
914 3683 1044 3748 haecce:
1068 3686 1118 3750 καὶ
1134 3687 1355 3766 Μητρόδωρος

207 3798 235 3861 δ’
251 3796 286 3860 ἐν
309 3801 354 3879 τῷ
376 3795 448 3873 περὶ
470 3794 634 3873 (υνηθείατ
657 3793 939 3874 ἀντορχουμένους
962 3797 1056 3876 φηεὶν
1080 3797 1254 3861 ἁλίτκεεθαι
1276 3799 1354 3861 τοὺ(

207 3911 342 3972 (κῶπας.
386 3903 472 3978 Quae
495 3903 813 3988 Schweighaeuserus
843 3903 891 3988 (in
912 3904 1032 3990 indice)
1060 3905 1229 3969 verisimile
1257 3905 1357 3970 habet

207 4015 247 4079 ad
262 4013 479 4078 Metrodorum
495 4012 687 4096 Epicureum
708 4013 878 4097 pertinere,
902 4014 956 4078 scd
978 4014 1073 4100 hujus
1096 4006 1256 4098 opinionis
1279 4037 1355 4079 cau-

208 4147 275 4189 sam
298 4124 387 4188 addit
407 4124 537 4188 nullam.
581 4123 749 4208 Menagius
773 4144 862 4208 vero,
885 4125 939 4207 qui
961 4125 1015 4208 (ad
1035 4125 1129 4209 Diog.
1153 4125 1256 4190 Lacrt.
1280 4123 1355 4210 VII,

211 4235 285 4319 198)
309 4256 326 4298 e
349 4234 423 4298 libri
445 4233 633 4317 Chrysippei
661 4234 870 4317 inscriptione
892 4237 972 4301 κατὰ
995 4238 1158 4315 carneam
1181 4238 1262 4314 πρὸ(
1286 4238 1353 4316 Μη-

208 4347 377 4425 τρόδωρον
401 4344 456 4429 (cf.
473 4342 633 4408 Plutarch.
655 4343 694 4407 de
709 4343 806 4409 Stoie.
823 4367 957 4429 repugn.
978 4345 1058 4409 1056
1075 4346 1116 4430 0)
1139 4344 1355 4429 Chrysippum
