2956 4942
630 270 841 332 ,66-

163 445 309 527 gentem,
339 441 378 504 de
405 440 515 504 inferis
544 442 694 504 canentes
723 461 904 524 poenasque
933 441 1040 524 impiis
1068 439 1113 503 ibi
1141 439 1310 504 solvendas

164 553 373 636 depingentes
396 549 421 632 I,
444 550 487 613 80
501 571 587 633 seqq.
616 548 675 632 III,
699 549 761 614 978
777 572 863 633 seqq.
887 549 927 632 V,
949 548 1014 614 405
1028 571 1092 633 seq.
1115 549 1173 632 VI,
1191 549 1308 614 754a1.

163 662 270 726 Etiam
292 660 498 725 Philodemus
527 660 675 723 omnibus
703 660 741 725 de
768 661 887 744 pietate
914 660 1102 745 fragmentis
1131 660 1207 723 deos
1235 680 1309 743 poe-

162 775 267 835 tarum
289 771 371 834 ridet
392 771 523 836 πάθεειν
546 769 695 834 humanis
717 771 899 855 implicatos
922 773 955 834 et
970 771 1035 834 sive
1057 770 1106 834 ira
1127 770 1193 834 sive
1215 770 1309 834 ultio-

162 883 213 946 nis
237 881 341 944 studio
359 880 498 944 fervidos
513 879 657 943 homines
680 881 780 944 multo
803 880 1027 947 imbecilliores
1049 881 1227 971 punientes
1259 879 1309 944 Of.

164 992 202 1055 de
230 992 278 1054 ira
306 991 366 1055 col.
388 991 435 1054 16.
474 991 601 1073 Epicur.
625 1013 673 1073 ap.
697 989 792 1074 Diog.
816 990 919 1056 Laert.
943 990 987 1073 X,
1013 992 1083 1056 138.
1111 1067 1114 1072 Δ
1142 989 1204 1054 Sed
1232 989 1310 1055 haec

162 1102 325 1166 hactenus.
371 1100 548 1164 Homerum
575 1122 651 1183 prae
679 1101 792 1165 ceteris
819 1100 999 1165 fabularum
1022 1101 1152 1184 plenum
1180 1101 1214 1162 in
1237 1121 1310 1163 ean-

164 1212 235 1276 dem
263 1211 412 1275 incidisse
440 1211 722 1293 vituperationem,
757 1231 823 1274 non
851 1213 914 1293 est,
948 1211 1033 1294 quod
1061 1211 1197 1294 amplius
1226 1230 1310 1274 com-

161 1322 343 1406 probemus.
374 1320 422 1385 Of.
446 1319 554 1384 Lehrs.
579 1320 617 1384 de
633 1320 808 1385 Aristarch.
831 1320 913 1385 stud.
936 1320 1031 1385 Hom.
1055 1343 1127 1405 pag.
1144 1321 1208 1384 200
1222 1342 1308 1403 seqq.

162 1433 209 1497 ed.
232 1431 274 1496 ΙΙ.
326 1431 418 1496 Unde
447 1432 592 1513 apparet,
627 1430 710 1513 quod
739 1453 758 1493 a
785 1430 957 1495 Plutarcho
988 1431 1073 1516 (non
1101 1452 1196 1513 posse
1224 1453 1309 1496 suav.

162 1542 223 1606 viv.
250 1541 345 1627 1086)
370 1541 524 1624 scriptum
547 1543 596 1603 est
618 1539 656 1602 de
679 1539 877 1625 Metrodoro:
907 1543 942 1606 ἐν
965 1542 1122 1622 γράμματι
1144 1542 1311 1607 τοεοότοιε

162 1661 277 1737 ποιητῇ
301 1651 543 1735 λελοιδόρηκεν,
571 1651 742 1717 alteiskio
771 1651 890 1735 injuria
916 1673 974 1734 pro
1003 1646 1195 1736 glossemate
1221 1650 1310 1715 habi·

162 1766 230 1828 tum
253 1783 331 1826 esse.
368 1761 481 1825 Altera
502 1765 610 1826 tamen
632 1785 671 1827 ex
692 1764 782 1846 parte
797 1755 973 1825 Homerum
994 1761 1140 1824 laudibus
1163 1764 1311 1836 ornatum

162 1875 257 1956 atque
281 1872 376 1935 etiam
392 1867 584 1954 Epicureum
608 1875 755 1937 vocatum
778 1867 846 1935 esse
867 1872 1076 1955 „laudantem
1091 1874 1208 1934 statum
1224 1872 1311 1954 quie-

161 1967 212 2046 tae
249 1982 387 2046 civitatis
424 1985 456 2044 et
482 1983 565 2046 inter
594 1983 738 2046 convivia
773 1985 948 2065 cantusque
980 1983 1081 2045 vitam
1115 1983 1273 2066 exigentis
1281 1985 1310 2064 “‚

163 2093 284 2158 Seneca
300 2093 391 2175 epist.
408 2092 608 2157 LXXXVIII
623 2094 742 2156 narrat.
780 2091 873 2156 Unde
895 2091 1005 2176 inepta
1025 2093 1117 2155 fluxit
1139 2093 1309 2175 sententia,

163 2225 243 2287 quae
266 2205 370 2266 exstat
392 2202 476 2286 apud
498 2202 699 2266 Heraclitum
721 2203 741 2272 l.
765 2223 791 2266 c.
816 2223 883 2285 cap.
901 2202 956 2266 79:
980 2203 999 2267 ό
1022 2201 1182 2287 (Epicur.)
1205 2208 1310 2270 πᾶεαν

163 2316 328 2393 ποιητικὴν
352 2313 477 2392 ἄετροιε
501 2315 735 2393 εημηνάμενοε,
759 2313 818 2388 οὐκ
840 2314 1008 2392 ἐξαιρέτωε
1030 2313 1134 2392 μόνον
1149 2315 1310 2395 Ὅμηρον·

163 2424 214 2504 ἆρ’
237 2425 310 2503 οὐχὶ
332 2423 382 2487 καὶ
404 2424 492 2487 ταῦθ’
514 2424 534 2487 ἃ
556 2425 639 2503 μόνα
661 2431 706 2507 τῷ
729 2424 786 2506 βίιρ
809 2425 1012 2506 παρέδωκεν,
1035 2424 1170 2503 αἰεχρῶε
1193 2425 1311 2503 ἀγνοή-

164 2556 218 2600 εαε
246 2535 320 2613 παρ’
343 2534 483 2613 Ὁμήρου
512 2534 686 2616 κέκλοφεν;
716 2534 736 2597 ἃ
763 2534 824 2612 γὰρ
852 2534 1019 2599 Ὀδυετεὺ(
1048 2533 1207 2613 ὑποκρίεει
1235 2537 1312 2614 παρ’

163 2646 296 2727 Ἀλκίνῳ
320 2646 361 2724 μὴ
384 2650 521 2722 φρονῶν
544 2643 718 2726 ἐψεόεατο,
746 2645 834 2708 ταῦθ)
857 2643 901 2709 ὼε
923 2643 1091 2722 ἀληθεύων
1114 2625 1310 2724 ἀποφήνατο

162 2756 235 2833 τέλη
260 2753 385 2837 blood).

248 2887 417 2952 Praeterea
431 2887 651 2952 Metrodorum
667 2888 812 2953 calluisse
827 2889 961 2953 Homeri
979 2890 1134 2974 carmina,
1158 2878 1311 2974 exipsius

163 2999 278 3083 fragm.
297 3020 387 3062 num.
404 2997 454 3061 ΙΙΙ
475 2999 640 3082 probabile
662 2999 795 3062 videtur.
841 2999 933 3062 Adde
955 3000 1040 3082 quod
1057 2999 1222 3083 Lucretius
1244 3001 1311 3064 lau-

164 3108 406 3173 dibus-excellit
428 3108 612 3192 Homerum,

164 3251 255 3310 vid.I
290 3270 368 3309 vers.
386 3251 445 3308 125
844 3286 884 3294 —-
908 3272 1023 3328 semper
1038 3253 1171 3312 florentis
1187 3253 1312 3312 Homeri

227 3362 274 3420 III
294 3380 369 3420 vers.
387 3362 468 3420 1037
484 3368 546 3437 se'q.
570 3362 655 3421 Adde
676 3363 902 3422 Heliconiadum
923 3365 1058 3438 comites,
1088 3383 1213 3439 quorum
1234 3383 1312 3424 unus

897 3474 1045 3535 Homerus

572 3582 695 3658 Sceptra
709 3584 823 3660 potitus
840 3585 943 3644 eadem
963 3587 1029 3644 aliis
1045 3585 1153 3661 sopitu'
1171 3586 1311 3662 quietest.
1362 3657 1365 3661 ,

165 3712 345 3776 Philodemi
369 3715 453 3776 certe
476 3712 514 3775 de
529 3713 663 3798 pietate,
687 3714 725 3777 de
747 3715 808 3798 ira,
832 3716 870 3778 de
887 3718 989 3778 morte
1012 3716 1192 3800 fragmenta
1205 3717 1312 3780 verbis

164 3822 343 3887 Homericis
367 3823 532 3886 abundant
518 3827 545 3908 t3
568 3825 699 3908 quint
667 3825 762 3889 etiam
778 3826 972 3910 singularem
995 3827 1175 3910 composuit
1194 3826 1312 3892 librum

172 3984 176 3986 .
186 3983 191 3986 r
197 3981 367 3988 ..ῳ-,ψώ-

231 4063 260 4128 (1)
287 4060 327 4114 ef.
347 4059 438 4118 Schol
456 4061 563 4129 Harlej.
586 4062 622 4114 ad
641 4061 736 4128 Odyss.
756 4081 775 4126 1,
795 4070 828 4116 28
851 4079 896 4130 ap.
915 4063 1037 4117 Cramer.
1055 4064 1160 4116 Anecd.
1182 4063 1269 4118 Paris.
1289 4064 1313 4131 Ι,

164 4162 228 4214 pag.
243 4151 304 4199 457:
325 4148 413 4200 Γνῶθι
432 4147 476 4200 ότι
494 4149 588 4200 καλῶ(
608 4148 682 4211 λέγει
700 4150 745 4200 καί
759 4148 919 4216 Ἐπίκουροε
937 4149 953 4201 ὁ
972 4151 1129 4215 φιλόεοφοε
1146 4154 1189 4216 τῳ
1207 4150 1312 4203 ἑαυτοῦ

74 4244 79 4253 ’
164 4233 294 4297 δόγματι,
323 4232 436 4297 ἅριετον
457 4232 541 4284 τέλοε
563 4232 636 4284 εἶναι
659 4231 776 4284 πάντων
798 4235 852 4298 τήν
875 4234 996 4300 ἡδονὴν,
1024 4234 1052 4288 ἐξ
1076 4234 1199 4300 Ὁμήρου
1221 4237 1312 4288 τοῦτο

166 4317 273 4380 λαβὼν,
294 4318 339 4368 καί
358 4317 404 4369 ἐπὶ
422 4316 541 4369 πάντων
559 4317 677 4370 αυτόεέ
680 4316 791 4370 κτείναε
808 4320 862 4384 τήν
879 4323 931 4384 τῆς
949 4319 1053 4386 ἡδονή(
1071 4320 1246 4386 τελειότητα.
