2956 4942
558 1101 912 1186 PROOEMIUM.

245 1497 372 1578 Fontes
407 1508 629 1593 philosophiae
657 1508 788 1592 Epicuri
822 1530 894 1572 cum
926 1531 1028 1593 nuper
1055 1509 1227 1575 studiosius
1257 1512 1310 1576 in-

88 1686 90 1691 ,
162 1623 368 1706 vestigarem,
391 1621 426 1683 in
441 1619 560 1685 Prioris
576 1618 783 1683 Voluminum
799 1619 1086 1684 Herculanensium
1104 1619 1311 1686 Collectionis

116 1732 118 1738 '
162 1735 251 1795 tomo
266 1731 314 1795 Vl
340 1731 593 1815 fragmentorum
622 1729 786 1792 columnas
813 1728 892 1792 XXI
914 1730 1032 1812 reperi,
1060 1731 1155 1795 titulo
1184 1731 1311 1815 quidem

162 1844 319 1905 vetustate
342 1861 446 1904 exeso.
489 1838 557 1902 Has
578 1842 687 1902 tamen
714 1860 781 1902 esse
803 1839 953 1922 reliquias
976 1839 1049 1902 libri
1078 1863 1097 1903 a
1118 1840 1312 1925 Metrodoro,

162 1951 294 2035 Epicuri
308 1949 423 2014 intimo
429 1999 439 2032 ,
454 1952 527 2029 περὶ
542 1950 714 2028 αἰεθήεεων
731 1949 918 2032 conscripti,
935 1971 1007 2012 cum
1021 1950 1167 2034 Angelus
1183 1949 1311 2015 Scottus

163 2061 224 2125 sibi
247 2064 332 2125 certo
357 2059 530 2143 conjecisse
552 2059 638 2123 visus
661 2062 760 2142 esset,
790 2081 843 2123 eas
866 2081 933 2123 non
955 2060 1113 2123 dubitavit
1139 2061 1313 2126 inscribere
1354 2055 1358 2060 ’

161 2170 363 2254 „Metrodori
395 2169 434 2233 de
467 2169 667 2233 sensionibus
696 2170 921 2233 commentatio
930 2172 958 2234 “.
1009 2169 1078 2244 Quo
1107 2171 1227 2234 factum
1255 2174 1312 2255 est,

81 2355 85 2363 ἱ
137 2324 142 2328 -
162 2283 198 2343 ut
219 2281 401 2364 fragmenta
421 2279 520 2343 hocce
548 2278 652 2342 indice
674 2279 831 2343 instructa
858 2281 941 2343 inter
963 2281 1069 2344 fontes
1091 2279 1314 2363 philosophiae

162 2389 294 2472 Epicuri
321 2388 500 2453 Fridericus
527 2388 753 2473 Ueberwegius
786 2389 821 2452 in
852 2389 942 2471 libri,
978 2390 1032 2472 qui
1065 2374 1237 2473 inscriptus
1266 2394 1315 2454 est

163 2499 363 2583 „Grundriss
392 2498 661 2583 deruGeschichte
691 2499 747 2562 der
768 2497 1003 2582 Philosophie“
1029 2499 1091 2562 vol.
1112 2498 1128 2562 Ι
1156 2522 1230 2584 pag.
1254 2501 1315 2564 175

164 2609 315 2674 laudaret.
360 2609 442 2673 Mihi
472 2613 578 2673 autem
610 2610 646 2672 in
672 2609 728 2672 illa
755 2610 943 2693 quaestione
970 2608 1177 2692 disceptanda
1211 2610 1315 2673 elabo-
1379 2611 1383 2618 “

164 2720 248 2782 ranti
277 2719 432 2803 quaedam
459 2719 584 2783 affluxit
605 2720 770 2803 materiae,
798 2723 833 2783 ut
860 2740 932 2783 mea
954 2719 1082 2803 quidem
1104 2720 1168 2783 fert
1195 2718 1314 2802 opinio,

165 2832 215 2892 sat
236 2829 349 2914 digna,
373 2850 453 2912 quae
476 2831 743 2893 commentatione
766 2829 920 2913 singulari
941 2832 1160 2912 pertractetur.
1205 2828 1316 2892 Talem

81 2987 84 2992 -
165 2941 273 3002 tamen
299 2939 429 3005 lecturis
463 2941 614 3023 offerens,
649 2962 700 3004 me
729 2943 875 3022 cunctos,
910 2940 965 3022 qui
993 2940 1098 3022 aliqua
1124 2939 1249 3002 ratione
1277 2940 1317 3002 ad

129 3072 133 3077 ’
165 3048 384 3113 Metrodorum
407 3053 567 3133 spectent,
590 3050 677 3114 locos
699 3050 875 3133 respexisse
895 3071 962 3112 non
978 3049 1127 3133 dixerim,
1149 3051 1247 3114 immo
1270 3048 1317 3112 in-

165 3159 290 3222 terdum
313 3160 459 3223 consulto
482 3160 575 3223 omisi
597 3160 736 3242 inutiles,
760 3159 884 3223 nullum
906 3181 991 3241 vero,
1015 3160 1139 3244 opinor,
1161 3160 1317 3244 gravioris

165 3269 320 3332 momenti
340 3270 478 3354 neglexi.

252 3378 401 3444 Ceterum
426 3380 461 3442 in
483 3380 600 3444 litteris
623 3381 764 3464 antiquis
791 3380 1073 3464 investigationem
1095 3401 1200 3444 rerum
1222 3401 1318 3463 quam

169 3489 306 3553 maxime
328 3490 538 3575 singularium
560 3491 744 3574 neutiquam
767 3492 913 3555 inutilem
935 3491 1126 3573 inanemque
1155 3511 1318 3554 evasuram

168 3621 237 3664 esse
265 3621 393 3684 consec,
428 3603 538 3683 utpote
566 3623 628 3684 qua
656 3602 724 3665 sola
752 3623 824 3665 cum
854 3623 1060 3685 quaecunque
1093 3601 1199 3685 agitur
1226 3601 1318 3664 disci-

167 3711 271 3794 plina,
293 3712 362 3774 tum
383 3733 460 3795 prae
478 3712 591 3775 ceteris
613 3711 835 3795 philosophiae
856 3712 991 3775 historia
1012 3711 1047 3774 in
1068 3712 1251 3775 universum
1274 3710 1318 3774 di·

167 3820 302 3884 lucidior
324 3820 448 3885 existat.

252 3929 302 3994 De
329 3930 489 4015 fontibuS,
520 3932 634 4014 quibus
661 3932 864 4015 potissimum
891 3954 966 3996 usus
989 3954 1074 4015 sum,
1102 3953 1202 4015 pauca
1223 3932 1319 3996 modo

168 4039 264 4104 verba
285 4039 410 4106 faciam.
441 4041 616 4106 Volumina
630 4041 898 4125 Herculanensia,
922 4042 1065 4126 quamvis
1087 4042 1135 4104 nil
1156 4041 1224 4105 fere
1246 4064 1319 4107 con·

168 4149 308 4231 tineant‚
342 4151 405 4214 nisi
433 4150 565 4235 Epicuri
596 4153 725 4236 ejusque
753 4153 944 4216 asseclarum
971 4152 1171 4236 fragmenta,
1205 4153 1321 4237 majori

129 4286 132 4290 ⁴
168 4261 277 4325 tamen
300 4283 344 4325 ex
366 4265 457 4345 parte
485 4262 563 4327 adeo
587 4266 662 4326 sunt
688 4263 816 4346 mutila,
844 4265 879 4325 ut
906 4285 1012 4326 rerum
1041 4262 1081 4325 ad
1103 4261 1321 4325 Metrodorum

220 4371 335 4414 Dumna.
1104 4387 1116 4434 1
