2956 4942
678 306 868 376 ..2..

138 532 142 551 ,
200 480 413 564 'spectantium
434 501 501 544 non
523 502 574 564 ea,
598 504 692 565 quam
714 504 752 546 11
767 503 885 567 magno
907 483 1105 546 voluminum
1128 481 1249 545 ambitu
1264 479 1347 566 quis-

198 591 284 674 piam
307 592 550 674 exspectaverit,
578 590 733 654 redundct
755 592 856 675 copia.
901 592 973 655 Huc
1000 592 1136 675 accedit,
1165 592 1264 675 quod,
1293 592 1345 674 qui

198 703 317 764 certam
337 700 371 762 in
386 701 549 785 integrum
563 701 798 764 restitutionem
814 702 986 776 admittunt
991 751 1001 784 ,
1024 702 1111 765 locos
1125 723 1185 784 pro
1200 688 1346 784 portione

198 813 420 893 corruptorum
441 832 616 894 perpaucos
644 811 833 879 invenimus.
876 811 1051 893 Nimirum,
1079 833 1173 894 quam
1195 810 1346 874 adhibue-

197 924 274 983 runt
295 920 484 984 restituendi
506 921 664 984 rationem
685 921 805 985 Prioris
828 921 1037 985 Voluminum
1059 902 1346 984 Herculanensium

197 1029 406 1095 Collectionis
436 1029 587 1113 (Neapoli
610 1031 762 1094 contiuua
784 1030 831 1094 XI
853 1034 1028 1113 tomorum,
1057 1031 1084 1093 si
1107 1031 1260 1093 omissum
1282 1029 1345 1093 Vll

196 1140 372 1223 exceperiS,
400 1141 482 1204 serie
509 1140 583 1204 inde
612 1141 651 1204 ab
679 1163 707 1204 a.
733 1142 815 1205 1193
842 1163 942 1224 usque
971 1141 1011 1204 ad
1034 1163 1060 1203 a.
1087 1141 1168 1204 1855
1196 1141 1343 1221 emissae)

196 1250 333 1314 editores
355 1250 540 1314 Academici
555 1250 825 1332 Herculanenses,
848 1272 999 1333 persaepe
1021 1250 1068 1313 illi
1092 1250 1217 1332 quidem
1240 1254 1344 1313 vastas

196 1360 325 1424 lacunas
349 1361 541 1444 conjecturis
570 1360 755 1442 supplentes
773 1352 999 1423 ¹audacioribus
1023 1381 1117 1450 quam
1144 1360 1343 1441 rectioribus,

39 1455 42 1461 ’
97 1539 100 1542 Α
195 1491 265 1533 eam
288 1492 363 1533 sane
385 1491 452 1533 non
479 1468 596 1552 ubique
625 1469 791 1554 approbes
836 1470 948 1532 Altera
970 1471 1092 1551 autem,
1121 1491 1215 1551 quam
1237 1469 1343 1533 Julius

47 1628 52 1635 .
155 1617 176 1671 4
194 1578 403 1642 Minervinius
419 1578 574 1642 edendam
589 1580 709 1642 curavit
730 1579 774 1662 (V
789 1582 866 1642 tom.
882 1580 939 1642 fol.
955 1578 987 1642 N
989 1578 1090 1662 eapol.
1110 1579 1189 1642 1861
1199 1617 1235 1625 -—
1247 1579 1342 1661 1865)

193 1692 226 1752 11
247 1711 326 1772 quae
348 1689 389 1752 ab
411 1689 529 1773 Anglis
558 1688 610 1774 (H
625 1692 703 1751 tom.
728 1689 823 1772 8maj.
847 1687 949 1752 Oxou.
975 1688 1112 1773 larisa)
1141 1692 1216 1750 sunt
1244 1688 1342 1751 divul-
1369 1674 1377 1682 ’

192 1801 268 1882 gata
277 1801 318 1881 ³),
343 1799 486 1881 quamvis
509 1798 679 1862 exhibeant
700 1799 801 1862 multa
822 1798 906 1862 haud
929 1798 1122 1882 spernenda,
1145 1800 1253 1860 tamen
1274 1798 1340 1860 fere

192 1909 315 1990 omnia,
338 1929 418 1990 quae
441 1910 516 1972 sunt
538 1907 576 1971 de
598 1908 798 1991 Metrodoro,
824 1909 1027 1971 restitutione
1048 1909 1083 1970 in
1105 1907 1265 1991 integrum
1290 1929 1341 1970 ve-

140 2048 144 2053 ·
191 2017 356 2081 hementer
368 2017 524 2101 indigent.
554 2017 632 2081 Fide
645 2040 718 2081 vero
732 2018 955 2101 descriptionis
967 2017 1147 2100 exemplum
1160 2015 1341 2080 Oxoniense

190 2127 403 2210 Neapolitano
438 2128 571 2190 multum
606 2131 766 2210 praestare
795 2127 984 2211 Spengelius
1020 2127 1128 2190 docuit
1161 2127 1342 2209 fragmenta

190 2239 270 2300 tomi
285 2236 301 2299 I
325 2235 361 2300 O.
377 2236 416 2299 A.
433 2239 631 2319 pertractans
654 2238 688 2300 in
704 2259 741 2300 ea
756 2237 1038 2319 commentatione,
1062 2258 1155 2318 quam
1178 2237 1341 2319 inscripsit

193 2345 269 2429 „die
284 2346 545 2410 herculanischen
563 2346 700 2410 Itollen“
723 2346 896 2432 (Philolog.
915 2348 1006 2410 1863,
1024 2345 1134 2429 Suppl.
1150 2345 1183 2408 ll
1198 2347 1341 2430 pagias

189 2449 343 2540 -548).'
386 2456 537 2520 Attamen
565 2457 703 2539 reliquos
733 2457 766 2520 d.
795 2458 834 2520 A.
869 2460 973 2519 tomos
1002 2456 1111 2520 eadem
1141 2456 1340 2539 negligentia

189 2588 258 2630 esse
281 2565 472 2649 descriptos,
494 2565 655 2629 neminem
679 2568 916 2648 comparatione
938 2567 1084 2629 instituta
1098 2566 1210 2649 fugiet.
1249 2566 1339 2629 6111-

188 2698 259 2740 rum
280 2677 534 2759 fragmentorum
557 2676 728 2758 separatim
751 2697 789 2738 ex
811 2675 861 2738 his
884 2676 1098 2739 voluminibus
1120 2697 1139 2736 a
1154 2674 1336 2758 Spengclio,

190 2785 396 2869 GompcrniO,
426 2786 496 2848 aliis
524 2786 696 2868 editorum,
720 2807 799 2869 quae
828 2786 954 2868 quidem
982 2785 1115 2868 adipisci
1137 2785 1243 2867 potui,
1268 2807 1337 2866 per-

187 2896 263 2959 inde
289 2896 448 2959 rationem
470 2895 568 2958 habui
590 2897 800 2959 necessariam
829 2899 923 2978 atque
950 2896 1253 2959 commentationum
1275 2895 1337 2957 lruc

187 3005 408 3089 spectantium.

270 3115 344 3180 Jam
359 3116 469 3180 multis
484 3116 578 3180 rebus
594 3116 634 3179 ad
648 3114 781 3199 Epicuri
802 3116 950 3180 intimum
964 3116 1197 3200 pertinentibus
1213 3115 1336 3179 Plutar-

187 3225 265 3290 c'hus
281 3226 407 3289 ornavit
421 3225 534 3309 libros,
556 3247 635 3310 quos
651 3227 793 3310 scripsit:
816 3227 965 3290 adversus
982 3226 1140 3308 Colotem,
1161 3248 1227 3289 non
1242 3224 1336 3309 posse

187 3337 324 3400 suaviter
353 3336 417 3400 vivi
445 3336 619 3400 secundum
646 3335 836 3418 Epicurum,
871 3336 909 3400 de
938 3337 1075 3400 latenter
1101 3336 1246 3400 vivendo.
1291 3338 1336 3398 At

187 3467 276 3530 cave,
299 3469 340 3509 ne
359 3446 447 3512 ,bona
469 3446 530 3509 fide
554 3446 665 3509 ductus
687 3468 746 3529 pro
768 3447 850 3510 veris
873 3448 981 3510 onmia
1002 3445 1134 3528 habeas,
1163 3467 1243 3528 quae
1265 3446 1335 3529 phi-

186 3556 352 3640 losophus,
376 3557 559 3640 ceteroquin
581 3558 608 3620 is
631 3556 758 3639 quidem
781 3578 875 3640 quam
900 3556 1134 3637 veracissimus,
1159 3555 1197 3618 de
1217 3555 1334 3638 Epicu·

184 3667 247 3730 reis
270 3668 370 3730 affert.
415 3666 559 3749 Etenim,
583 3667 636 3748 qui
659 3666 732 3729 illos
754 3666 853 3729 libros
874 3666 1067 3748 primoribus
1087 3669 1215 3728 tantum
1238 3666 1334 3728 labris

184 3776 374 3860 gustaverit,
410 3777 437 3839 is
464 3776 610 3859 protinus
639 3776 884 3858 animadvertet,
914 3797 1007 3858 quam
1036 3776 1195 3839 infensam
1223 3779 1334 3838 contra

183 3885 357 3970 Epicurum
381 3887 517 3969 scriptor
539 3886 686 3950 ostendat
705 3889 853 3949 mentem.
892 3885 1079 3968 Ubicunque
1102 3887 1187 3949 enim
1202 3885 1333 3968 Epicuri

185 3997 234 4060 vel
256 3997 432 4060 Metrodori
454 3997 539 4060 dicta
561 3997 685 4080 laudat,
708 3997 758 4059 vel
779 3996 885 4079 potius
914 4017 953 4058 ex
975 3997 1080 4079 operis
1103 3998 1253 4058 contextu
1276 4002 1332 4059 eri-

250 4177 270 4240 ⁸)
293 4174 326 4226 In
348 4190 497 4242 progressu
520 4173 763 4228 commentationis
787 4174 928 4227 scribendi
950 4171 1123 4241 compendiis
1146 4171 1330 4225 1111111611-

182 4258 332 4312 lectionem
350 4259 487 4312 Priorem:
507 4259 535 4313 O.
549 4259 592 4324 P.;
611 4257 812 4312 Collectioncm
830 4259 970 4314 Alteram:
989 4258 1018 4312 C.
1030 4259 1075 4323 A.;
1093 4258 1243 4310 editionem
1259 4258 1330 4311 Oxo-

181 4343 319 4399 niensem:
339 4343 389 4396 Ox.
