2956 4942
642 319 852 382 ,3θῇ

173 489 317 572 partibus
345 488 511 573 Epicureis
541 511 612 552 cum
641 487 792 572 sophistis
822 487 1055 550 controversias
1090 487 1320 570 intercessisse,

86 639 92 648 ι
174 600 229 663 sed
258 601 390 663 cunctae
417 599 516 663 ferme
544 599 765 663 contentiones
796 620 835 662 ex
862 597 918 661 illa
944 600 1117 661 manarunt
1144 597 1322 661 disserendi

172 709 312 793 ratione,
341 733 403 794 qua
425 709 587 793 sophistae
610 711 642 772 et
662 709 697 772 in
719 707 834 772 litteris
857 710 889 770 et
910 708 944 770 in
965 708 1060 776 rebus
1081 707 1219 791 publicis
1241 707 1321 791 diju-

173 819 316 883 dicandis
349 820 530 884 utebantur.
585 817 635 883 of.
667 817 758 882 Gros.
792 817 891 902 praef.
927 817 968 880 ad
994 816 1171 881 Philodem.
1200 817 1320 882 rhetor.

171 928 271 994 Paris.
295 930 386 994 1840.
437 929 578 994 Tametsi
606 950 681 992 vero
709 928 748 992 de
776 916 1064 992 controversiarum
1091 927 1234 990 materiis
1260 948 1320 990 nos

171 1039 294 1103 faciunt
322 1040 473 1104 certiores
504 1039 689 1103 creberrimi
711 1037 891 1102 Philodemi
918 1038 953 1101 in
975 1037 1135 1121 sophistas
1163 1037 1320 1120 incursus,

171 1153 280 1212 tamen
295 1171 369 1214 cave
386 1150 536 1234 opineris,
550 1148 779 1233 philosophum
792 1149 1011 1214 Gadarensem
1027 1148 1112 1211 idem
1128 1147 1266 1210 sensisse
1281 1147 1321 1210 de

84 1294 94 1317 ο
171 1260 242 1343 ipsa
263 1259 425 1324 rhetorica
447 1260 699 1324 adversariorum
721 1263 815 1342 atque
831 1259 958 1324 scholae
972 1258 1134 1342 principes
1150 1257 1319 1341 Epicurus,

170 1368 389 1454 Metrodorus,
417 1369 641 1434 Hermarchus.
685 1369 907 1434 Differentiam
937 1368 1087 1452 exprimit
1113 1367 1320 1431 Philodemus

114 1544 116 1548 ,
172 1478 207 1541 in
231 1479 267 1544 Ο.
292 1480 329 1543 Α.
352 1480 400 1545 IV
421 1502 493 1564 pag.
516 1480 557 1544 93
579 1512 621 1533 =
644 1479 702 1544 Ox.
725 1479 758 1543 ll
780 1502 853 1564 pag.
878 1479 936 1543 101
960 1478 1048 1542 hisce
1069 1478 1226 1560 verbis¹):
1257 1483 1320 1544 νῦν

171 1590 222 1654 ἐπ’
244 1591 349 1657 ἐκεῖνο
373 1592 566 1675 βαδίζωμεν,
589 1590 638 1656 ὅτι
660 1592 775 1670 τέχνην
799 1591 860 1670 οὐχ
882 1590 971 1669 ἡμεῖς
986 1590 1122 1669 λέγομεν
1144 1591 1204 1667 τὴν
1227 1609 1318 1669 copr-

169 1703 293 1784 (τικὴν,
324 1701 355 1765 οἱ
384 1682 430 1787 δὲ,
448 1704 506 1780 τὴν
535 1701 653 1780 clostra
682 1702 841 1766 κτίεαντε(
868 1700 958 1780 ἡμῶν
986 1700 1224 1780 ἀντιφωνοῦειν

169 1831 248 1893 quae
264 1813 448 1893 sequuntur,
464 1810 525 1874 vid.
542 1811 577 1874 in
592 1813 717 1874 annott.
730 1809 769 1873 ad
780 1809 952 1874 Metrodor.
968 1809 1117 1894 fragmm.
1129 1807 1320 1873 numXVH

170 1917 303 1983 -ΧΧΙ,
348 1921 461 1984 Artem
484 1919 699 2005 sophistarum
720 1919 912 1984 rhetoricam
935 1920 1079 2003 quamvis
1101 1919 1186 1983 idem
1208 1921 1321 1982 narret

169 2028 390 2094 Metrodorum
412 2031 584 2115 ,,ἱκανῶε“
612 2030 813 2114 inquisivisse
842 2031 877 2094 in
898 2030 1002 2114 primo
1029 2032 1103 2110 περὶ
1130 2029 1318 2109 ποιημάτων

167 2139 249 2203 libro
280 2140 399 2225 (locum
428 2140 554 2223 quidem
583 2141 698 2204 lacuna
725 2141 940 2224 interruptum
967 2162 1062 2224 supra
1088 2161 1177 2203 num.
1202 2139 1319 2203 10611-

169 2249 317 2336 scripsi),
354 2253 462 2313 tamen
489 2251 523 2313 in
550 2249 601 2313 his
629 2250 718 2314 libris
753 2251 902 2315 adversus
930 2250 1090 2335 sophistas
1123 2248 1317 2332 conscriptis

167 2351 258 2422 illum
285 2360 465 2444 neglexisse
492 2360 586 2423 istam
610 2361 844 2444 quaestionem,
878 2361 985 2444 ecquis
1013 2361 1075 2424 sibi
1102 2357 1317 2444 persuadeat?

167 2469 288 2533 Iterum
324 2470 470 2534 laudatur
505 2469 636 2553 haecce,
675 2473 711 2533 ut
744 2471 885 2554 ridetur,
922 2470 1098 2534 Metrodori
1135 2469 1317 2553 disquisitio

169 2578 204 2643 C.
228 2581 267 2643 A:
298 2579 328 2644 V
355 2601 428 2664 pag.
450 2580 492 2644 58
522 2579 718 2663 (Philodem.
747 2580 885 2666 rhetor.)
892 2630 902 2663 ,
931 2603 1025 2664 quem
1054 2580 1182 2664 quidem
1209 2579 1318 2643 locum

166 2689 237 2752 aliis
259 2690 405 2773 relinquo
429 2690 669 2753 enucleandum.

263 2875 296 2943 b)
315 2873 419 2942 Libri,
439 2874 550 2942 qulbus
569 2890 621 2930 res
640 2875 834 2943 singulorum
851 2876 1006 2932 hominum
1023 2877 1212 2932 tractantur.

320 2993 373 3079 15)
398 2996 504 3073 Πρὸ(
528 2996 793 3075 Δημόκριτον.

141 3088 143 3093 ’
249 3103 353 3167 Testis
375 3103 470 3188 hujus
493 3104 603 3189 scripti
626 3107 675 3168 est
696 3104 859 3195 Diogenes
874 3105 1018 3170 Laertius
1041 3105 1080 3189 X,
1099 3107 1149 3169 24.
1194 3104 1312 3188 Epicu-

165 3235 236 3276 rum
256 3213 404 3297 physices
420 3213 653 3298 Democriteae,
677 3216 762 3298 quod
777 3219 862 3279 certe
884 3217 924 3279 ad
945 3217 1126 3279 universam
1147 3215 1241 3299 hujus
1265 3215 1313 3278 di-

165 3323 319 3406 sciplinae
346 3324 503 3388 rationem
533 3325 663 3408 attinet,
693 3324 843 3389 heredem
871 3326 969 3390 fuisse
996 3348 1034 3389 ex
1056 3326 1126 3409 ipsa
1155 3325 1194 3388 de
1215 3325 1312 3388 rebus

164 3433 306 3517 physicis
326 3434 515 3518 placitorum
539 3435 775 3519 comparatione
791 3436 867 3499 satis
891 3457 1046 3520 superque
1069 3439 1210 3519 apparet.
1240 3433 1316 3498 Dis-

164 3544 343 3627 crepantias
373 3547 479 3608 autem
506 3545 684 3609 notaverim
711 3545 807 3610 hasce
835 3546 1034 3610 notissimas:
1064 3545 1315 3610 declinationem

164 3657 344 3718 atomorum
372 3653 557 3719 Democrito
586 3657 731 3740 ignotam
762 3656 914 3742 (Aristot.
939 3657 978 3720 de
1000 3657 1089 3720 coelo
1111 3655 1177 3740 ΠΙ,
1200 3655 1239 3742 2)
1272 3657 1314 3721 ab

163 3763 304 3848 Epicuro
335 3765 542 3829 constitutam
572 3765 716 3851 (Lucret.
741 3766 779 3830 de
802 3788 861 3830 rer.
885 3770 950 3830 nat.
974 3765 1021 3849 ΙΙ,
1045 3767 1108 3831 216
1128 3788 1215 3850 seqq.
1244 3765 1312 3831 dic.

161 3874 202 3959 de
224 3877 289 3937 nat.
313 3874 404 3937 deor..
422 3874 453 3958 l,
476 3875 528 3958 25,
551 3875 606 3959 693
636 3876 674 3939 de
696 3876 784 3940 finib.
807 3875 838 3959 l,
861 3877 890 3958 6,
916 3877 955 3939 19
978 3875 1048 3962 al),
1078 3880 1172 3960 atque
1200 3898 1314 3941 sensus

162 3984 306 4049 veritatis
329 3966 472 4064 κριτήρια
494 3979 711 4049 aDeinocrito
733 3989 850 4070 negata
872 3986 971 4070 (Sext.
987 3986 1109 4069 Empir.
1126 3986 1195 4050 adv.
1211 3986 1313 4054 math.

162 4093 243 4178 Vll,
269 4095 329 4159 135
352 4095 462 4178 seqq.)
470 4144 479 4177 ,
514 4094 569 4158 sed
598 4095 637 4158 ab
663 4095 804 4178 Epicuro
833 4097 969 4181 probata
1002 4096 1119 4181 (Diog.
1142 4097 1248 4160 Laert.
1271 4097 1313 4178 X,

146 4382 149 4387 ⁴
230 4368 246 4432 ⁸)
260 4362 477 4430 VidGompera
489 4362 518 4416 in
532 4364 708 4429 „Zeitachrift
719 4368 764 4418 fiir
777 4365 821 4418 die
835 4366 1088 4440 osterr.(lynmas.“
1101 4368 1166 4422 XVI
1179 4373 1312 4436 pag.825.
1380 4394 1386 4405 ·
