2956 4942
633 293 934 403 -63-,

166 468 222 529 osis
237 466 273 529 δὲ
288 465 345 529 τὸν
368 463 472 528 αἰῶνα
493 457 602 541 μηκέτ’
617 460 715 526 εἶναι·
740 462 775 526 cd
797 463 833 526 δὲ
846 464 903 538 τῆς
925 461 1040 540 αὔριον
1063 462 1122 527 οὐκ
1144 465 1191 529 ὢν
1206 466 1315 543 κύρια(

165 575 330 659 ἀναβάλλῃ
357 575 415 637 τὸν
442 572 571 660 καιρόν
599 572 676 634 dot
699 571 829 637 πάντων
862 571 929 650 βίος
947 574 1119 656 ’μελληεμῷ
1147 576 1329 653 παραπόλ-4
1388 632 1399 640 .

166 689 256 749 λνται
284 686 335 747 καὶ
367 684 419 748 διὰ
446 686 542 746 τοῦτο
572 681 702 746 ἕκαςτοε
730 681 820 761 ἡμῶν
844 681 1084 761 ἀεχολούμενοε
1112 682 1312 762 ἀποθνήεκει·

165 792 258 856 Adde
280 791 377 876 Diog.
400 790 504 854 Laert.
528 788 573 873 X,
596 790 654 854 65:
685 791 846 870 λυομένου
868 795 926 854 τοῦ
950 789 1032 855 ὅλου
1060 791 1312 873 ἀθροίεματοεὴ

165 906 253 982 ψυχὴ
276 903 497 981 διαεπείρεταα
525 899 650 963 Lucret.
673 899 711 962 de
727 921 786 963 rer.
808 902 873 962 nat.
891 897 949 981 III,
966 899 1028 962 952
1044 921 1108 982 seq.
1136 900 1312 966 Philodem.

166 1011 204 1075 de
227 1012 274 1074 ira
297 1011 355 1074 col.
372 1011 429 1074 43:
457 1012 507 1074 καὶ
522 1005 625 1091 ’φύειν
648 1011 853 1076 θανάτου-
874 1010 911 1088 ἦ(
933 1048 974 1056 -
997 1014 1059 1075 πᾶε
1081 1009 1166 1075 ὅλω(
1189 1011 1313 1092 ἄνθρω-

165 1143 227 1187 ποε
243 1123 438 1203 μετὲεχηκεν.
455 1118 517 1184 cf.
535 1111 646 1183 Zeller.
662 1118 783 1182 Philos.
801 1117 912 1183 Graec.
928 1107 989 1203 Ill,
1007 1120 1019 1182 1
1038 1140 1111 1204 pag.
1127 1119 1191 1184 254
1205 1121 1253 1184 ed.
1270 1120 1311 1185 ΙΙ.

165 1229 349 1294 Buecheler.
374 1229 560 1312 Oonjectan.
585 1229 684 1292 critic.
707 1229 742 1291 in
764 1228 955 1310 ephemerid.
980 1250 1010 1310 q.
1027 1229 1157 1292 inscrib.
1180 1229 1311 1294 Rheini·

165 1342 257 1404 sches
279 1340 440 1422 Museum,
466 1339 556 1403 1860.
593 1338 635 1402 Ν.
658 1337 694 1402 E.
717 1336 778 1402 XV
800 1360 873 1422 pag.
892 1338 964 1401 291.
1057 1340 1081 1385 θ

242 1449 352 1514 Locus
374 1448 427 1513 hio
449 1452 499 1513 est
516 1448 689 1532 fragmenti
711 1447 749 1511 de
764 1450 867 1510 morte
890 1447 1118 1533 subjungendi,
1142 1449 1227 1532 quod
1242 1449 1312 1515 Sto·

165 1561 263 1624 baeus
285 1559 379 1623 floril.
404 1559 480 1641 118,
503 1559 544 1623 33
559 1557 751 1641 Metrodoro
781 1557 941 1640 ascripsit:
979 1562 1061 1638 πρὸ(
1082 1559 1139 1639 μὲν
1162 1563 1202 1626 τὰ
1231 1559 1313 1625 ἄλλα

165 1673 306 1736 δυνατὸν
333 1670 512 1751 ἀαφάλειαν
540 1669 740 1751 nostratem,
774 1669 866 1748 χάριν
889 1671 924 1733 δὲ
946 1659 1087 1734 θανάτου
1109 1671 1228 1735 πάντες
1257 1664 1312 1737 ἄν·

165 1787 289 1860 θρωποι
312 1782 407 1845 πόλιν
431 1779 607 1858 ἀτείχιετον
630 1779 789 1859 οἰκοῦμεν.
835 1776 992 1851 Quoniam
1020 1782 1126 1842 autem
1153 1778 1312 1844 Maximus

165 1889 339 1954 Confessor
365 1890 466 1972 eclog.
494 1886 540 1970 ll,
563 1888 625 1951 627
658 1887 741 1950 idem
769 1885 988 1970 fragmentum
1015 1887 1155 1972 Epicuro
1188 1888 1310 1972 tribuit,

165 2000 203 2063 de
226 2003 354 2062 auctore
377 1998 464 2062 dubii
479 1997 654 2064 haeremus.
686 1995 800 2078 Neque
815 1995 1020 2060 Philodemus
1042 1997 1116 2061 huic
1134 1999 1311 2080 quaestioni
1409 2067 1420 2088 ·

165 2109 273 2173 lucem
296 2109 403 2191 affert,
431 2108 508 2172 licet
535 2107 616 2171 illud
642 2106 762 2170 dictum
790 2106 927 2170 orationi
949 2107 1120 2171 inseruerit
1147 2108 1185 2172 de
1207 2111 1310 2172 morte

166 2218 224 2282 col.
250 2219 304 2282 19:
338 2220 487 2302 (πάλντεε
514 2216 848 2304 γ(ὰρ)ατί[1](χιε)τον
877 2217 1000 2303 (πόλιν)
1029 2220 1112 2297 πρὸ(
1139 2217 1311 2302 θά(ν)ατον

166 2329 353 2415 οἰκ(ο)ὓμεν.

202 2549 239 2616 0.
284 2549 501 2630 Fragmenta
524 2549 636 2615 variis
658 2549 882 2630 argumentis
904 2548 1003 2613 inter
1025 2565 1062 2613 se
1083 2545 1276 2631 disjuncta.

407 2779 411 2785 ι
694 2702 795 2756 xxx.

318 2806 390 2871 sen.
414 2784 674 2889 epistfnxxrx,
699 2805 747 2868 14.

249 2915 320 2980 Hoc
348 2915 549 2980 Metrodorus
583 2936 707 2997 quoque
742 2914 776 2977 in
804 2914 940 2998 quadam
968 2914 1104 2998 epistula
1134 2915 1311 2998 confitetur,

165 3049 198 3090 se
222 3029 255 3089 et
276 3007 449 3109 Epicurum
472 3046 539 3088 non
561 3025 638 3088 satis
662 3023 828 3105 enituisse,
853 3023 909 3087 sed
930 3027 1005 3107 post
1027 3046 1061 3087 se
1083 3027 1115 3087 et
1137 3023 1311 3108 Epicurum

165 3157 318 3220 magnum
332 3139 541 3220 paratumque
555 3156 674 3198 nomen
689 3133 854 3197 habituros
874 3133 959 3217 apud
974 3155 1044 3218 eos,
1067 3135 1121 3218 qui
1136 3134 1313 3198 voluissent

164 3270 221 3331 per
244 3246 353 3312 eadem
375 3246 421 3310 ire
443 3245 588 3330 vestigia

250 3434 338 3518 Optt.
362 3433 453 3498 codd.
468 3435 638 3517 'praestant
658 3482 677 3516 „
686 3433 838 3497 enituisse
847 3435 875 3516 “,
899 3432 952 3495 alii
975 3431 1141 3497 emicuisse
1164 3432 1215 3496 vel
1237 3432 1311 3512 emi-

164 3546 282 3610 nuisse.
332 3544 459 3627 Lipsius
493 3565 551 3627 pro
580 3545 753 3627 „paratum
761 3545 780 3579 “
813 3542 966 3627 proponit
993 3544 1203 3626 „pacatum“,
1239 3542 1261 3607 i.
1284 3564 1310 3606 e.

165 3657 255 3719 extra
278 3653 454 3718 calumnias
475 3657 508 3717 et
528 3653 787 3718 detrectationes.
846 3709 847 3712 ,

250 3763 456 3828 Antecedunt
477 3763 551 3828 huic
570 3764 642 3829 loco
664 3763 760 3828 verba
775 3762 907 3847 Epicuri
929 3762 1085 3828 aSeneca
1106 3763 1152 3827 ita
1173 3765 1311 3826 servata:

165 3874 297 3959 „Multis
319 3875 427 3956 itaque
444 3874 513 3957 jam
536 3874 628 3937 annis
653 3872 836 3938 Metrodoro
860 3895 916 3939 suo
940 3877 1099 3957 superstes
1120 3874 1155 3938 in
1176 3871 1311 3956 quadam

164 3985 315 4069 epistula,
345 4004 418 4047 cum
439 3983 612 4047 amicitiam
635 4006 725 4048 suam
752 3986 785 4048 et
806 3983 980 4049 Metrodori
1007 3987 1100 4070 grata
1122 4004 1309 4049 commemo·
1424 4004 1426 4009 ·

33 4108 55 4127 ··
163 4096 290 4160 ratione
312 4093 496 4176 cecinisset,
518 4092 580 4158 hoc
601 4094 775 4159 novissime
797 4094 928 4179 adjecit:
950 4092 1042 4159 Nihil
1064 4095 1126 4159 sibi
1147 4096 1180 4158 et
1193 4094 1310 4158 Metro-

164 4206 242 4270 doro
264 4205 349 4269 inter
363 4204 448 4268 bona
463 4206 554 4267 tanta
568 4205 730 4288 nocuisse,
754 4205 837 4289 quod
859 4205 947 4289 ipsos
968 4205 1024 4268 illa
1044 4205 1162 4270 nobilis
1178 4204 1312 4269 Graecia

163 4338 230 4380 non
252 4316 379 4400 ignotos
402 4317 506 4380 solum
528 4294 706 4399 habuisset,
730 4315 785 4380 sed
806 4338 907 4398 paene
930 4315 1125 4381 inauditos“.
