2956 4942
655 298 862 361 „55-

337 479 367 535 at
389 476 484 535 claros
506 474 640 533 homines
663 440 822 532 voluerunt
844 491 874 531 so
898 475 986 548 atque
1008 475 1144 548 potentes

337 590 371 645 ut
393 584 588 676 fundamento
610 583 711 643 stabili
733 579 854 642 fortunt
875 585 1008 642 maneret

317 698 368 754 *et
389 695 534 772 placidam
556 696 679 770 possent
700 693 835 769 opulenti
856 693 962 769 degere
984 693 1085 754 vitam.

186 827 381 902 Quibuscum
398 825 542 890 conferre
557 824 633 888 licet
646 822 807 888 Plutarch.
824 822 862 887 dc
877 825 980 907 tranq.
996 823 1059 889 465
1071 823 1220 908 Orsus.
1236 826 1330 889 floril.

186 936 238 1019 29,
262 935 337 1020 79):
360 937 437 1002 ὅθεν
460 936 536 1001 οὐδὲ
558 936 743 1014 Ἐπίκουροε
765 934 865 1000 οἴεται
888 938 956 1000 δεῖν
978 935 1159 1018 ὴευχάῑειν,
1187 935 1272 1001 ἀλλὰ
1293 945 1332 1020 τῇ

193 1047 285 1125 utcu
311 1051 442 1126 χρῆεθαι
469 1046 741 1124 πολιτευομένου(
768 1046 820 1109 καὶ
846 1044 1045 1124 πράεεοντοιε
1072 1048 1112 1110 τὰ
1139 1048 1333 1114 κοινὰ,τοὺε

186 1156 378 1238 φιλοτίμου(
405 1157 456 1221 καὶ
478 1155 673 1236 φιλοδόξους
703 1155 748 1219 ὡ(
770 1156 893 1232 μᾶλλον
923 1154 987 1221 ὑπὸ
1010 1154 1257 1236 ἀπραγμοεύνηε
1278 1178 1332 1220 τα-

188 1267 352 1346 ράττεεθαι
376 1267 427 1330 καὶ
441 1270 610 1330 κακοῦεθοιι
632 1265 832 1348 πεφυκότυε,
855 1264 894 1330 ἂν
912 1264 960 1330 ὧν
976 1263 1146 1344 ὀρέγονται
1161 1269 1201 1346 μὴ
1217 1246 1333 1345 τυγχά-

186 1397 294 1442 νιυειν.
325 1374 447 1439 Eadem
463 1374 501 1438 de
517 1395 612 1438 causa
624 1373 825 1437 Metrodorus
837 1372 1049 1438 Timocratem
1063 1373 1163 1438 nimio
1174 1374 1333 1439 honorum

186 1509 205 1549 a
233 1485 360 1549 civitate
387 1483 659 1569 impetrandorum
687 1484 791 1547 studio
820 1484 986 1547 incensum
1008 1485 1048 1547 ad
1074 1487 1220 1549 naturam
1248 1489 1334 1550 recte

189 1593 382 1678 sequendam
410 1596 547 1658 revocat.
592 1593 704 1676 Neque
733 1596 842 1657 tamen
869 1615 928 1657 nos
958 1596 1086 1677 oportet
1105 1594 1279 1678 Epicurum
1302 1599 1335 1660 et

187 1705 405 1769 Metrodorum
420 1704 459 1767 ab
476 1703 565 1767 omni
581 1703 702 1786 patriae
717 1724 824 1766 amore
848 1685 970 1767 alienos
984 1704 1082 1768 'fuisse
1105 1704 1333 1788 existimemus,

188 1837 260 1879 cum
288 1813 458 1877 Brundisio
487 1814 723 1878 eonsentientes
737 1816 781 1897 V),
809 1813 982 1877 Timocrati
1011 1813 1050 1878 de
1078 1836 1184 1879 amore
1211 1815 1334 1899 patriae

187 1924 330 2007 asperius
352 1924 512 2007 appellato
535 1923 765 2006 patrocinante.
810 1922 849 1986 In
866 1923 1024 2006 judicium
1046 1945 1194 2012 vocemus
1216 1925 1334 2010 Dioge-

187 2056 261 2098 nem
283 2033 444 2097 Laertium
472 2033 517 2112 X,
543 2033 597 2096 10:
628 2071 669 2080 —
692 2034 743 2098 καὶ
764 2035 846 2112 πρὸ(
868 2034 1005 2113 πατρίδα
1027 2036 1135 2115 φιλίας
1158 2034 1334 2116 ἄλεκτοεὴ

188 2146 334 2211 διὰθεειε·
357 2143 519 2227 ὑπερβολῇ
535 2145 596 2222 γὰρ
618 2144 784 2208 ἐπιεικείαε
807 2144 885 2209 οὐδὲ
900 2143 1063 2209 πολιτεία(
1077 2143 1195 2223 ἥψατο.
1233 2144 1335 2208 Testi-

188 2254 247 2318 bus
270 2254 348 2337 ipsis
371 2253 558 2316 adversariis
574 2252 732 2335 Epicurus
754 2252 788 2314 in
810 2253 1017 2336 opprobrium
1037 2253 1132 2317 vertit
1155 2275 1336 2338 cognomen

189 2366 303 2445 ἑχθρὸε
325 2368 381 2442 τῆ(
403 2364 555 2429 Ἑλλάδος
579 2361 656 2446 (vid.
671 2361 768 2447 Diog.
794 2362 897 2426 Laert.
921 2361 961 2446 X,
983 2362 1029 2447 8).
1067 2363 1236 2428 Praeterea
1258 2363 1336 2449 legi-

189 2496 259 2538 mus
282 2473 365 2557 apud
388 2472 542 2538 Senecam
564 2471 603 2536 de
626 2473 691 2536 otio
715 2495 780 2556 sap.
806 2495 874 2556 cap.
890 2473 947 2537 30:
975 2472 1159 2556 „Epicurus
1182 2473 1241 2538 ait:
1269 2496 1337 2538 non

189 2583 317 2649 accedet
339 2582 378 2645 ad
401 2583 630 2666 rempublicam
654 2583 796 2666 sapiens,
819 2583 881 2646 nisi
904 2583 930 2645 si
953 2582 1028 2666 quid
1050 2583 1292 2648 intervenerit“.

273 2696 321 2759 ἘΞ
344 2694 442 2774 ἀρχῆε
471 2693 570 2777 igitur
597 2714 616 2755 a
643 2692 971 2775 rerumpublicarum
1000 2714 1075 2756 cura
1096 2715 1163 2757 non
1185 2697 1337 2759 avocatur

136 2865 138 2868 ,
190 2803 331 2886 sopiens,
354 2802 450 2865 modo
467 2823 594 2865 auream
608 2805 718 2865 teneat
731 2802 983 2867 mediocritatem
998 2839 1039 2849 —
1054 2806 1131 2884 μήτε
1147 2805 1243 2888 λέων,
1258 2807 1335 2885 μήτε

190 2916 312 2992 κώνωψ
335 2949 377 2958 -
398 2933 466 2975 non
492 2911 645 2975 excedens
669 2910 798 2975 modum
820 2911 854 2974 in
876 2915 983 2995 partes
1006 2914 1191 2978 contrarias,
1235 2913 1337 2978 Inter·

190 3024 265 3087 dum
294 3023 380 3086 enim
410 3021 478 3085 fieri
505 3025 628 3105 potest,
663 3024 700 3084 ut
731 3021 857 3105 sapiens
891 3022 1047 3105 ejusmodi
1080 3024 1337 3107 perturbationes
1432 3016 1435 3022 ’

190 3133 317 3214 subeat,
351 3131 500 3196 videlicet
534 3132 662 3196 civitate
694 3132 729 3195 in
764 3131 904 3215 periculo
939 3136 1094 3197 versante.
1145 3132 1206 3198 His
1239 3134 1338 3219 igitur

191 3242 328 3327 cognitis
358 3240 418 3305 tibi
440 3263 506 3305 non
528 3242 644 3305 mirum
666 3241 840 3324 videbitur,
868 3242 953 3324 quod
975 3247 1118 3324 πολιτική
1147 3266 1165 3307 a
1186 3244 1337 3328 principi-

191 3353 250 3416 bus
280 3355 364 3416 certe
392 3350 622 3435 Epicureorum
656 3352 776 3431 ἱετορία
805 3354 857 3416 καὶ
884 3354 1096 3432 παρυτήρηειε
1124 3356 1338 3434 ευνηεκημένη

191 3465 336 3545 vocatur,
364 3466 400 3526 ut
427 3462 472 3525 ait
492 3462 699 3527 Philodemus
728 3460 767 3524 de
788 3460 906 3525 rhetor.
930 3462 964 3524 in
987 3461 1021 3527 Ο.
1045 3463 1084 3526 Α.
1107 3462 1169 3546 IV,
1192 3463 1233 3528 93
1263 3462 1337 3547 (Ox.

191 3572 233 3654 Il,
252 3573 343 3657 101),
366 3573 570 3655 quiquidem
592 3573 660 3655 ipse
683 3571 846 3635 dissentit:
870 3610 911 3618 -
926 3574 977 3637 καὶ
992 3575 1049 3652 τὴν
1068 3575 1233 3652 πολιτικὴν
1256 3573 1338 3640 ἱετο-

192 3685 263 3762 ρίαν
284 3686 355 3748 τινὰ
382 3685 433 3748 καὶ
459 3683 674 3762 παρατήρηειν
701 3684 935 3762 ευνηεκημένην
959 3682 1019 3762 οὐχ
1041 3683 1147 3766 ἡμεῑε,
1176 3683 1260 3748 ἀλλὰ
1283 3683 1338 3748 κά-

192 3798 292 3859 κεῖνοι
315 3794 425 3876 (caput
445 3792 540 3876 hujus
563 3792 725 3857 enunciati
746 3791 808 3855 vid.
832 3792 954 3876 scriptt.
977 3815 1063 3856 num.
1082 3794 1145 3876 14).
1183 3790 1232 3855 Of.
1249 3790 1284 3856 O.
1298 3792 1338 3855 A.

193 3903 237 3986 V,
260 3903 301 3967 58
337 3902 435 3986 (rhet.
460 3902 666 3988 Philodem.).
710 3902 822 3986 Neque
857 3923 950 3966 curae
982 3901 1175 3985 reipublicae
1207 3900 1339 3965 modum

192 4013 317 4077 videtur
345 4012 481 4095 sapienti
510 4014 645 4078 eundem
673 4013 862 4096 imposuisse
885 4034 922 4076 ac
943 4011 1121 4095 principes,
1150 4011 1188 4075 de
1216 4032 1279 4095 qua
1305 4033 1341 4076 re

260 4253 281 4317 v)
305 4250 337 4303 In
359 4249 443 4313 libro,
472 4249 521 4316 qui
546 4248 708 4302 inscribitur
736 4248 924 4315 „Gesohichte
953 4250 1003 4302 der
1026 4247 1261 4316 Entwicklungen
1289 4246 1341 4301 der

192 4334 295 4403 grieoh.
314 4334 443 4401 Philos.“,
461 4340 484 4391 2.
497 4333 594 4388 Halfte
615 4339 692 4399 1864,
711 4349 777 4402 pag.
789 4340 829 4388 50.
