<?xml version="1.0" encoding="UTF-8"?>
<!DOCTYPE html PUBLIC "-//W3C//DTD XHTML 1.0 Transitional//EN"
    "http://www.w3.org/TR/xhtml1/DTD/xhtml1-transitional.dtd">
<html xmlns="http://www.w3.org/1999/xhtml" xml:lang="en" lang="en">
 <head>
  <title>
</title>
<meta http-equiv="Content-Type" content="text/html;charset=utf-8" />
  <meta name='ocr-system' content='tesseract 3.04.00' />
  <meta name='ocr-capabilities' content='ocr_page ocr_carea ocr_par ocr_line ocrx_word'/>
</head>
<body>
  <div class='ocr_page' id='page_1' title='image "./demetrodoriepic00duengoog_0021.png"; bbox 0 0 2956 4942; ppageno 0'>
   <div class='ocr_carea' id='block_1_1' title="bbox 659 297 869 360">
    <p class='ocr_par' dir='ltr' id='par_1_1' title="bbox 659 297 869 360">
     <span class='ocr_line' id='line_1_1' title="bbox 659 297 869 360; baseline 0 -15"><span class='ocrx_word' id='word_1_1' title='bbox 659 297 869 360; x_wconf 70' lang='lat'>-12..</span> 
     </span>
    </p>
   </div>
   <div class='ocr_carea' id='block_1_2' title="bbox 192 465 1431 991">
    <p class='ocr_par' dir='ltr' id='par_1_2' title="bbox 192 465 1431 991">
     <span class='ocr_line' id='line_1_2' title="bbox 192 465 1431 552; baseline 0 -20"><span class='ocrx_word' id='word_1_2' title='bbox 192 465 424 546; x_wconf 78' lang='grc' dir='ltr'>τετταράκοντα</span> <span class='ocrx_word' id='word_1_3' title='bbox 454 466 558 552; x_wconf 86' lang='grc' dir='ltr'>Μίθρῃ</span> <span class='ocrx_word' id='word_1_4' title='bbox 592 468 653 533; x_wconf 88' lang='grc' dir='ltr'>τινὶ</span> <span class='ocrx_word' id='word_1_5' title='bbox 680 468 771 551; x_wconf 81' lang='grc' dir='ltr'>(ύρῳ</span> <span class='ocrx_word' id='word_1_6' title='bbox 804 471 869 533; x_wconf 81' lang='grc' dir='ltr'>τῶν</span> <span class='ocrx_word' id='word_1_7' title='bbox 899 471 1066 549; x_wconf 84' lang='grc' dir='ltr'>βααλικῶν</span> <span class='ocrx_word' id='word_1_8' title='bbox 1100 465 1337 548; x_wconf 80' lang='grc' dir='ltr'>ευνειλημμὲνῳ</span> <span class='ocrx_word' id='word_1_9' title='bbox 1427 501 1431 506; x_wconf 90' lang='lat'><em>·</em></span> 
     </span>
     <span class='ocr_line' id='line_1_3' title="bbox 194 561 1346 660; baseline -0.003 -19"><span class='ocrx_word' id='word_1_10' title='bbox 194 577 376 660; x_wconf 77' lang='grc' dir='ltr'>βοηθήεων,</span> <span class='ocrx_word' id='word_1_11' title='bbox 398 577 480 656; x_wconf 72' lang='grc' dir='ltr'>πρὸ(</span> <span class='ocrx_word' id='word_1_12' title='bbox 496 579 618 643; x_wconf 73' lang='grc' dir='ltr'>πάντα(</span> <span class='ocrx_word' id='word_1_13' title='bbox 640 577 801 658; x_wconf 86' lang='grc' dir='ltr'>ἐγράφετο</span> <span class='ocrx_word' id='word_1_14' title='bbox 824 578 874 642; x_wconf 87' lang='grc' dir='ltr'>καὶ</span> <span class='ocrx_word' id='word_1_15' title='bbox 889 578 1001 643; x_wconf 79' lang='grc' dir='ltr'>πάταιε</span> <span class='ocrx_word' id='word_1_16' title='bbox 1023 578 1219 654; x_wconf 79' lang='grc' dir='ltr'>ἑπιττολαῑε,</span> <span class='ocrx_word' id='word_1_17' title='bbox 1244 561 1346 658; x_wconf 88' lang='grc' dir='ltr'>μεγα-Ι</span> 
     </span>
     <span class='ocr_line' id='line_1_4' title="bbox 193 686 1337 767; baseline 0.005 -19"><span class='ocrx_word' id='word_1_18' title='bbox 193 689 413 765; x_wconf 68' lang='grc' dir='ltr'>ληγοροῦντος</span> <span class='ocrx_word' id='word_1_19' title='bbox 446 687 635 766; x_wconf 83' lang='grc' dir='ltr'>Ἐπικούρου</span> <span class='ocrx_word' id='word_1_20' title='bbox 671 688 721 752; x_wconf 89' lang='grc' dir='ltr'>καὶ</span> <span class='ocrx_word' id='word_1_21' title='bbox 755 687 975 766; x_wconf 76' lang='grc' dir='ltr'>τεμνύνοντοτ.</span> <span class='ocrx_word' id='word_1_22' title='bbox 1000 686 1123 767; x_wconf 85' lang='grc' dir='ltr'>ἐκείνην</span> <span class='ocrx_word' id='word_1_23' title='bbox 1156 690 1214 767; x_wconf 87' lang='grc' dir='ltr'>τὴν</span> <span class='ocrx_word' id='word_1_24' title='bbox 1248 689 1337 754; x_wconf 81' lang='grc' dir='ltr'>ὁδόν.</span> 
     </span>
     <span class='ocr_line' id='line_1_5' title="bbox 193 795 1337 881; baseline 0.003 -23"><span class='ocrx_word' id='word_1_25' title='bbox 193 795 347 860; x_wconf 89' lang='lat' dir='ltr'>Animum</span> <span class='ocrx_word' id='word_1_26' title='bbox 375 796 468 860; x_wconf 88' lang='lat' dir='ltr'>amici</span> <span class='ocrx_word' id='word_1_27' title='bbox 495 796 691 881; x_wconf 85' lang='lat' dir='ltr'>intrepidum</span> <span class='ocrx_word' id='word_1_28' title='bbox 720 797 790 881; x_wconf 89' lang='lat' dir='ltr'>quis</span> <span class='ocrx_word' id='word_1_29' title='bbox 812 798 944 862; x_wconf 85' lang='lat' dir='ltr'>miretur</span> <span class='ocrx_word' id='word_1_30' title='bbox 965 796 1141 881; x_wconf 82' lang='lat' dir='ltr'>Epicurum</span> <span class='ocrx_word' id='word_1_31' title='bbox 1168 797 1337 862; x_wconf 79' lang='lat' dir='ltr'>laudasse?</span> 
     </span>
     <span class='ocr_line' id='line_1_6' title="bbox 192 903 1352 991; baseline 0.004 -23"><span class='ocrx_word' id='word_1_32' title='bbox 192 903 242 968; x_wconf 89' lang='lat' dir='ltr'>Eo</span> <span class='ocrx_word' id='word_1_33' title='bbox 271 904 480 969; x_wconf 89' lang='lat' dir='ltr'>confidentior</span> <span class='ocrx_word' id='word_1_34' title='bbox 508 905 670 971; x_wconf 74' lang='lat' dir='ltr'>Plutarchi</span> <span class='ocrx_word' id='word_1_35' title='bbox 699 910 863 991; x_wconf 91' lang='lat' dir='ltr'>comparet</span> <span class='ocrx_word' id='word_1_36' title='bbox 889 907 1010 990; x_wconf 87' lang='lat' dir='ltr'>irrisio,</span> <span class='ocrx_word' id='word_1_37' title='bbox 1043 929 1137 990; x_wconf 87' lang='lat' dir='ltr'>quam</span> <span class='ocrx_word' id='word_1_38' title='bbox 1165 908 1256 989; x_wconf 86' lang='lat' dir='ltr'>quasi</span> <span class='ocrx_word' id='word_1_39' title='bbox 1284 919 1352 973; x_wconf 81' lang='lat' dir='ltr'>ore&#39;</span> 
     </span>
    </p>
   </div>
   <div class='ocr_carea' id='block_1_3' title="bbox 65 1013 1376 1102">
    <p class='ocr_par' dir='ltr' id='par_1_3' title="bbox 65 1013 1376 1102">
     <span class='ocr_line' id='line_1_7' title="bbox 65 1013 1376 1102; baseline 0.005 -27"><span class='ocrx_word' id='word_1_40' title='bbox 65 1059 69 1063; x_wconf 84' lang='lat'>-</span> <span class='ocrx_word' id='word_1_41' title='bbox 194 1013 290 1078; x_wconf 88' lang='lat' dir='ltr'>livide</span> <span class='ocrx_word' id='word_1_42' title='bbox 319 1014 451 1098; x_wconf 88' lang='lat' dir='ltr'>adjecit:</span> <span class='ocrx_word' id='word_1_43' title='bbox 483 1018 664 1098; x_wconf 70' lang='grc' dir='ltr'>πράξαντος</span> <span class='ocrx_word' id='word_1_44' title='bbox 692 1019 790 1085; x_wconf 81' lang='grc' dir='ltr'>οὐθὲν</span> <span class='ocrx_word' id='word_1_45' title='bbox 817 1019 891 1083; x_wconf 91' lang='grc' dir='ltr'>τότε</span> <span class='ocrx_word' id='word_1_46' title='bbox 918 1023 977 1084; x_wconf 83' lang='grc' dir='ltr'>τοῦ</span> <span class='ocrx_word' id='word_1_47' title='bbox 1001 1016 1240 1102; x_wconf 80' lang='grc' dir='ltr'>Μητροδώρου,</span> <span class='ocrx_word' id='word_1_48' title='bbox 1268 1021 1338 1082; x_wconf 89' lang='lat' dir='ltr'>tan·</span> <span class='ocrx_word' id='word_1_49' title='bbox 1375 1046 1376 1050; x_wconf 42' lang='lat'>¹</span> 
     </span>
    </p>
   </div>
   <div class='ocr_carea' id='block_1_4' title="bbox 97 1124 1341 3305">
    <p class='ocr_par' dir='ltr' id='par_1_4' title="bbox 193 1124 1340 2642">
     <span class='ocr_line' id='line_1_8' title="bbox 194 1124 1338 1214; baseline 0.007 -28"><span class='ocrx_word' id='word_1_50' title='bbox 194 1145 289 1207; x_wconf 91' lang='lat' dir='ltr'>quam</span> <span class='ocrx_word' id='word_1_51' title='bbox 310 1124 379 1208; x_wconf 91' lang='lat' dir='ltr'>ipse</span> <span class='ocrx_word' id='word_1_52' title='bbox 402 1125 565 1191; x_wconf 77' lang='lat' dir='ltr'>adfuisset.</span> <span class='ocrx_word' id='word_1_53' title='bbox 595 1126 660 1190; x_wconf 89' lang='lat' dir='ltr'>Iste</span> <span class='ocrx_word' id='word_1_54' title='bbox 675 1127 825 1210; x_wconf 83' lang='lat' dir='ltr'>Mithres,</span> <span class='ocrx_word' id='word_1_55' title='bbox 849 1148 942 1210; x_wconf 90' lang='lat' dir='ltr'>quem</span> <span class='ocrx_word' id='word_1_56' title='bbox 963 1126 1064 1214; x_wconf 26' lang='lat' dir='ltr'>,altere</span> <span class='ocrx_word' id='word_1_57' title='bbox 1081 1127 1152 1191; x_wconf 93' lang='lat' dir='ltr'>leco</span> <span class='ocrx_word' id='word_1_58' title='bbox 1168 1129 1261 1191; x_wconf 90' lang='lat' dir='ltr'>vocat</span> <span class='ocrx_word' id='word_1_59' title='bbox 1279 1129 1338 1195; x_wconf 89' lang='grc' dir='ltr'>τὸν</span> 
     </span>
     <span class='ocr_line' id='line_1_9' title="bbox 195 1234 1339 1321; baseline 0.001 -23"><span class='ocrx_word' id='word_1_60' title='bbox 195 1234 314 1315; x_wconf 85' lang='grc' dir='ltr'>(άρον,</span> <span class='ocrx_word' id='word_1_61' title='bbox 343 1234 444 1298; x_wconf 90' lang='lat' dir='ltr'>altere</span> <span class='ocrx_word' id='word_1_62' title='bbox 471 1237 542 1302; x_wconf 88' lang='grc' dir='ltr'>τινὰ</span> <span class='ocrx_word' id='word_1_63' title='bbox 565 1237 669 1317; x_wconf 84' lang='grc' dir='ltr'>(ύρον</span> <span class='ocrx_word' id='word_1_64' title='bbox 696 1243 762 1305; x_wconf 85' lang='grc' dir='ltr'>τῶν</span> <span class='ocrx_word' id='word_1_65' title='bbox 786 1240 951 1318; x_wconf 81' lang='grc' dir='ltr'>βαειλικῶν</span> <span class='ocrx_word' id='word_1_66' title='bbox 974 1238 1238 1321; x_wconf 79' lang='grc' dir='ltr'>τονειλημμένον,</span> <span class='ocrx_word' id='word_1_67' title='bbox 1270 1237 1339 1300; x_wconf 89' lang='lat' dir='ltr'>sine</span> 
     </span>
     <span class='ocr_line' id='line_1_10' title="bbox 195 1343 1337 1444; baseline 0.004 -38"><span class='ocrx_word' id='word_1_68' title='bbox 195 1343 291 1407; x_wconf 88' lang='lat' dir='ltr'>dubio</span> <span class='ocrx_word' id='word_1_69' title='bbox 321 1343 405 1409; x_wconf 90' lang='lat' dir='ltr'>idem</span> <span class='ocrx_word' id='word_1_70' title='bbox 434 1348 603 1444; x_wconf 65' lang='lat' dir='ltr'>estatque</span> <span class='ocrx_word' id='word_1_71' title='bbox 626 1349 785 1427; x_wconf 70' lang='grc' dir='ltr'>διοικητὴς</span> <span class='ocrx_word' id='word_1_72' title='bbox 812 1352 870 1413; x_wconf 84' lang='grc' dir='ltr'>τοῦ</span> <span class='ocrx_word' id='word_1_73' title='bbox 892 1347 1073 1427; x_wconf 83' lang='grc' dir='ltr'>Λυτιμάχοιι</span> <span class='ocrx_word' id='word_1_74' title='bbox 1101 1345 1211 1430; x_wconf 86' lang='lat' dir='ltr'>(Diog.</span> <span class='ocrx_word' id='word_1_75' title='bbox 1234 1346 1337 1411; x_wconf 88' lang='lat' dir='ltr'>Laert.</span> 
     </span>
     <span class='ocr_line' id='line_1_11' title="bbox 193 1451 1339 1540; baseline 0.004 -25"><span class='ocrx_word' id='word_1_76' title='bbox 193 1451 238 1535; x_wconf 91' lang='grc' dir='ltr'>Π,</span> <span class='ocrx_word' id='word_1_77' title='bbox 256 1453 325 1517; x_wconf 84' lang='grc'>102.</span> <span class='ocrx_word' id='word_1_78' title='bbox 349 1452 388 1537; x_wconf 96' lang='grc' dir='ltr'>Χ,</span> <span class='ocrx_word' id='word_1_79' title='bbox 404 1454 456 1539; x_wconf 83' lang='grc'>4),</span> <span class='ocrx_word' id='word_1_80' title='bbox 481 1477 575 1538; x_wconf 92' lang='lat' dir='ltr'>quem</span> <span class='ocrx_word' id='word_1_81' title='bbox 589 1456 629 1520; x_wconf 87' lang='lat' dir='ltr'>ad</span> <span class='ocrx_word' id='word_1_82' title='bbox 643 1456 775 1540; x_wconf 87' lang='lat' dir='ltr'>Epicuri</span> <span class='ocrx_word' id='word_1_83' title='bbox 789 1456 908 1540; x_wconf 88' lang='lat' dir='ltr'>placita</span> <span class='ocrx_word' id='word_1_84' title='bbox 921 1477 1116 1539; x_wconf 88' lang='lat' dir='ltr'>propensum</span> <span class='ocrx_word' id='word_1_85' title='bbox 1131 1455 1244 1539; x_wconf 89' lang='lat' dir='ltr'>fuisse,</span> <span class='ocrx_word' id='word_1_86' title='bbox 1268 1479 1339 1520; x_wconf 91' lang='lat' dir='ltr'>cum</span> 
     </span>
     <span class='ocr_line' id='line_1_12' title="bbox 194 1562 1338 1650; baseline 0.004 -26"><span class='ocrx_word' id='word_1_87' title='bbox 194 1562 269 1645; x_wconf 93' lang='lat' dir='ltr'>ille,</span> <span class='ocrx_word' id='word_1_88' title='bbox 292 1564 376 1647; x_wconf 90' lang='lat' dir='ltr'>quod</span> <span class='ocrx_word' id='word_1_89' title='bbox 398 1564 437 1629; x_wconf 91' lang='lat' dir='ltr'>de</span> <span class='ocrx_word' id='word_1_90' title='bbox 459 1568 644 1650; x_wconf 86' lang='lat' dir='ltr'>contemptu</span> <span class='ocrx_word' id='word_1_91' title='bbox 667 1568 798 1631; x_wconf 90' lang='lat' dir='ltr'>deorum</span> <span class='ocrx_word' id='word_1_92' title='bbox 813 1565 1000 1630; x_wconf 84' lang='lat' dir='ltr'>Theodorus</span> <span class='ocrx_word' id='word_1_93' title='bbox 1022 1565 1146 1629; x_wconf 80' lang='lat' dir='ltr'>Atheus</span> <span class='ocrx_word' id='word_1_94' title='bbox 1168 1565 1270 1647; x_wconf 90' lang='lat' dir='ltr'>dedit,</span> <span class='ocrx_word' id='word_1_95' title='bbox 1292 1587 1338 1629; x_wconf 89' lang='lat' dir='ltr'>re·</span> 
     </span>
     <span class='ocr_line' id='line_1_13' title="bbox 195 1673 1340 1761; baseline 0.002 -25"><span class='ocrx_word' id='word_1_96' title='bbox 195 1693 313 1756; x_wconf 87' lang='lat' dir='ltr'>sponse</span> <span class='ocrx_word' id='word_1_97' title='bbox 330 1673 441 1759; x_wconf 85' lang='lat' dir='ltr'>(Diog.</span> <span class='ocrx_word' id='word_1_98' title='bbox 457 1674 562 1741; x_wconf 83' lang='lat' dir='ltr'>Laert.</span> <span class='ocrx_word' id='word_1_99' title='bbox 579 1675 621 1759; x_wconf 95' lang='grc' dir='ltr'>ΙΙ,</span> <span class='ocrx_word' id='word_1_100' title='bbox 639 1677 713 1761; x_wconf 83' lang='grc'>102)</span> <span class='ocrx_word' id='word_1_101' title='bbox 736 1677 909 1760; x_wconf 87' lang='lat' dir='ltr'>indicatur,</span> <span class='ocrx_word' id='word_1_102' title='bbox 931 1677 1000 1740; x_wconf 91' lang='lat' dir='ltr'>tum</span> <span class='ocrx_word' id='word_1_103' title='bbox 1021 1676 1201 1740; x_wconf 87' lang='lat' dir='ltr'>confirmari</span> <span class='ocrx_word' id='word_1_104' title='bbox 1215 1675 1340 1740; x_wconf 89' lang='lat' dir='ltr'>videtur</span> 
     </span>
     <span class='ocr_line' id='line_1_14' title="bbox 194 1764 1340 1872; baseline 0.002 -25"><span class='ocrx_word' id='word_1_105' title='bbox 194 1783 275 1848; x_wconf 90' lang='lat' dir='ltr'>loeis</span> <span class='ocrx_word' id='word_1_106' title='bbox 296 1783 394 1870; x_wconf 86' lang='lat' dir='ltr'>Dieg.</span> <span class='ocrx_word' id='word_1_107' title='bbox 414 1764 519 1850; x_wconf 87' lang='lat' dir='ltr'>Laert.</span> <span class='ocrx_word' id='word_1_108' title='bbox 541 1785 582 1870; x_wconf 91' lang='lat' dir='ltr'>X,</span> <span class='ocrx_word' id='word_1_109' title='bbox 600 1787 660 1872; x_wconf 83' lang='lat'>28,</span> <span class='ocrx_word' id='word_1_110' title='bbox 682 1787 737 1851; x_wconf 86' lang='lat' dir='ltr'>ubi</span> <span class='ocrx_word' id='word_1_111' title='bbox 757 1787 842 1858; x_wconf 87' lang='lat' dir='ltr'>inter</span> <span class='ocrx_word' id='word_1_112' title='bbox 863 1786 995 1869; x_wconf 90' lang='lat' dir='ltr'>Epicuri</span> <span class='ocrx_word' id='word_1_113' title='bbox 1017 1787 1135 1869; x_wconf 87' lang='lat' dir='ltr'>scripta</span> <span class='ocrx_word' id='word_1_114' title='bbox 1156 1788 1340 1850; x_wconf 86' lang='lat' dir='ltr'>recensetur</span> 
     </span>
     <span class='ocr_line' id='line_1_15' title="bbox 193 1892 1339 1983; baseline 0.001 -26"><span class='ocrx_word' id='word_1_115' title='bbox 193 1893 276 1957; x_wconf 86' lang='lat' dir='ltr'>liber</span> <span class='ocrx_word' id='word_1_116' title='bbox 297 1892 386 1978; x_wconf 84' lang='grc' dir='ltr'>(περὶ</span> <span class='ocrx_word' id='word_1_117' title='bbox 400 1897 505 1963; x_wconf 79' lang='grc' dir='ltr'>νότων</span> <span class='ocrx_word' id='word_1_118' title='bbox 520 1897 623 1981; x_wconf 81' lang='grc' dir='ltr'>δόξαι)</span> <span class='ocrx_word' id='word_1_119' title='bbox 647 1897 729 1977; x_wconf 75' lang='grc' dir='ltr'>πρὸ(</span> <span class='ocrx_word' id='word_1_120' title='bbox 752 1899 877 1976; x_wconf 87' lang='grc' dir='ltr'>Μίθραν</span> <span class='ocrx_word' id='word_1_121' title='bbox 900 1899 933 1961; x_wconf 87' lang='lat' dir='ltr'>et</span> <span class='ocrx_word' id='word_1_122' title='bbox 954 1895 993 1979; x_wconf 85' lang='lat' dir='ltr'>X,</span> <span class='ocrx_word' id='word_1_123' title='bbox 1009 1896 1045 1983; x_wconf 89' lang='grc'>4,</span> <span class='ocrx_word' id='word_1_124' title='bbox 1067 1896 1150 1960; x_wconf 91' lang='lat' dir='ltr'>unde</span> <span class='ocrx_word' id='word_1_125' title='bbox 1164 1895 1339 1980; x_wconf 82' lang='lat' dir='ltr'>Epicurum</span> 
     </span>
     <span class='ocr_line' id='line_1_16' title="bbox 194 2002 1339 2090; baseline 0.003 -24"><span class='ocrx_word' id='word_1_126' title='bbox 194 2002 317 2069; x_wconf 90' lang='lat' dir='ltr'>litteras</span> <span class='ocrx_word' id='word_1_127' title='bbox 340 2004 380 2069; x_wconf 89' lang='lat' dir='ltr'>ad</span> <span class='ocrx_word' id='word_1_128' title='bbox 395 2005 547 2071; x_wconf 87' lang='lat' dir='ltr'>Mithram</span> <span class='ocrx_word' id='word_1_129' title='bbox 569 2007 693 2072; x_wconf 87' lang='lat' dir='ltr'>dedisse</span> <span class='ocrx_word' id='word_1_130' title='bbox 716 2007 876 2071; x_wconf 89' lang='lat' dir='ltr'>discimus.</span> <span class='ocrx_word' id='word_1_131' title='bbox 906 2006 1004 2071; x_wconf 89' lang='lat' dir='ltr'>Plura</span> <span class='ocrx_word' id='word_1_132' title='bbox 1025 2005 1193 2090; x_wconf 84' lang='lat' dir='ltr'>sciremus,</span> <span class='ocrx_word' id='word_1_133' title='bbox 1216 2006 1243 2070; x_wconf 91' lang='lat' dir='ltr'>si</span> <span class='ocrx_word' id='word_1_134' title='bbox 1265 2006 1339 2070; x_wconf 91' lang='lat' dir='ltr'>Phi-</span> 
     </span>
     <span class='ocr_line' id='line_1_17' title="bbox 194 2113 1338 2201; baseline 0.001 -24"><span class='ocrx_word' id='word_1_135' title='bbox 194 2113 311 2179; x_wconf 91' lang='lat' dir='ltr'>lodemi</span> <span class='ocrx_word' id='word_1_136' title='bbox 333 2115 548 2201; x_wconf 84' lang='lat' dir='ltr'>fragmentum</span> <span class='ocrx_word' id='word_1_137' title='bbox 564 2117 598 2182; x_wconf 81' lang='lat' dir='ltr'>O.</span> <span class='ocrx_word' id='word_1_138' title='bbox 614 2118 655 2182; x_wconf 82' lang='lat' dir='ltr'>A.</span> <span class='ocrx_word' id='word_1_139' title='bbox 675 2117 691 2181; x_wconf 96' lang='grc' dir='ltr'>Ι</span> <span class='ocrx_word' id='word_1_140' title='bbox 712 2137 785 2201; x_wconf 84' lang='lat' dir='ltr'>pag.</span> <span class='ocrx_word' id='word_1_141' title='bbox 804 2117 863 2181; x_wconf 82' lang='lat'>107</span> <span class='ocrx_word' id='word_1_142' title='bbox 880 2138 967 2200; x_wconf 85' lang='lat' dir='ltr'>seqq.</span> <span class='ocrx_word' id='word_1_143' title='bbox 989 2115 1145 2201; x_wconf 82' lang='lat' dir='ltr'>integrius</span> <span class='ocrx_word' id='word_1_144' title='bbox 1169 2119 1253 2180; x_wconf 90' lang='lat' dir='ltr'>esset</span> <span class='ocrx_word' id='word_1_145' title='bbox 1274 2136 1338 2179; x_wconf 90' lang='lat' dir='ltr'>ser-</span> 
     </span>
     <span class='ocr_line' id='line_1_18' title="bbox 195 2225 1339 2312; baseline 0.001 -25"><span class='ocrx_word' id='word_1_146' title='bbox 195 2227 311 2290; x_wconf 89' lang='lat' dir='ltr'>vatum.</span> <span class='ocrx_word' id='word_1_147' title='bbox 354 2225 440 2291; x_wconf 90' lang='lat' dir='ltr'>Nam</span> <span class='ocrx_word' id='word_1_148' title='bbox 462 2248 535 2292; x_wconf 89' lang='lat' dir='ltr'>eum</span> <span class='ocrx_word' id='word_1_149' title='bbox 556 2249 630 2312; x_wconf 85' lang='lat' dir='ltr'>pag.</span> <span class='ocrx_word' id='word_1_150' title='bbox 648 2227 708 2292; x_wconf 77' lang='lat'>129</span> <span class='ocrx_word' id='word_1_151' title='bbox 730 2227 769 2292; x_wconf 91' lang='lat' dir='ltr'>de</span> <span class='ocrx_word' id='word_1_152' title='bbox 791 2227 853 2291; x_wconf 93' lang='lat' dir='ltr'>hec</span> <span class='ocrx_word' id='word_1_153' title='bbox 874 2226 995 2290; x_wconf 89' lang='lat' dir='ltr'>Mithra</span> <span class='ocrx_word' id='word_1_154' title='bbox 1017 2225 1134 2311; x_wconf 84' lang='lat' dir='ltr'>egisse,</span> <span class='ocrx_word' id='word_1_155' title='bbox 1157 2227 1236 2308; x_wconf 85' lang='lat' dir='ltr'>puto</span> <span class='ocrx_word' id='word_1_156' title='bbox 1259 2225 1339 2289; x_wconf 88' lang='lat' dir='ltr'>veri-</span> 
     </span>
     <span class='ocr_line' id='line_1_19' title="bbox 195 2333 1339 2421; baseline 0.003 -25"><span class='ocrx_word' id='word_1_157' title='bbox 195 2333 403 2400; x_wconf 90' lang='lat' dir='ltr'>simillimum.</span> <span class='ocrx_word' id='word_1_158' title='bbox 439 2335 661 2421; x_wconf 76' lang='lat' dir='ltr'>Conspicimus</span> <span class='ocrx_word' id='word_1_159' title='bbox 677 2337 804 2421; x_wconf 90' lang='lat' dir='ltr'>quidem</span> <span class='ocrx_word' id='word_1_160' title='bbox 820 2359 900 2401; x_wconf 90' lang='lat' dir='ltr'>vers.</span> <span class='ocrx_word' id='word_1_161' title='bbox 910 2337 964 2400; x_wconf 86' lang='lat'>10:</span> <span class='ocrx_word' id='word_1_162' title='bbox 982 2337 1339 2412; x_wconf 71' lang='grc' dir='ltr'>ῘΑΠΕΡΙΜΙΘΡΕΟΥΕ,</span> 
     </span>
     <span class='ocr_line' id='line_1_20' title="bbox 196 2445 1339 2534; baseline 0.003 -28"><span class='ocrx_word' id='word_1_163' title='bbox 196 2464 276 2508; x_wconf 87' lang='lat' dir='ltr'>vers.</span> <span class='ocrx_word' id='word_1_164' title='bbox 301 2446 354 2511; x_wconf 85' lang='lat'>17:</span> <span class='ocrx_word' id='word_1_165' title='bbox 389 2449 541 2514; x_wconf 88' lang='grc' dir='ltr'>ΜΙΘΡΗΝ</span> <span class='ocrx_word' id='word_1_166' title='bbox 572 2447 634 2534; x_wconf 81' lang='lat' dir='ltr'>(cf.</span> <span class='ocrx_word' id='word_1_167' title='bbox 664 2469 744 2513; x_wconf 90' lang='lat' dir='ltr'>vers.</span> <span class='ocrx_word' id='word_1_168' title='bbox 770 2448 824 2514; x_wconf 85' lang='lat'>16:</span> <span class='ocrx_word' id='word_1_169' title='bbox 857 2447 1141 2530; x_wconf 70' lang='grc' dir='ltr'>ΕΠΙΚΟΥΡΟΕ),</span> <span class='ocrx_word' id='word_1_170' title='bbox 1159 2466 1233 2529; x_wconf 84' lang='lat' dir='ltr'>pag.</span> <span class='ocrx_word' id='word_1_171' title='bbox 1258 2445 1339 2509; x_wconf 76' lang='lat'>1252</span> 
     </span>
     <span class='ocr_line' id='line_1_21' title="bbox 197 2555 527 2642; baseline 0.009 -22"><span class='ocrx_word' id='word_1_172' title='bbox 197 2555 479 2623; x_wconf 83' lang='grc' dir='ltr'>ΜΙΘΡ...ΔΕΑΝΗ</span> <span class='ocrx_word' id='word_1_173' title='bbox 492 2557 527 2642; x_wconf 75' lang='lat'>¹).</span> 
     </span>
    </p>

    <p class='ocr_par' dir='ltr' id='par_1_5' title="bbox 97 2664 1341 3305">
     <span class='ocr_line' id='line_1_22' title="bbox 279 2664 1340 2750; baseline -0.001 -22"><span class='ocrx_word' id='word_1_174' title='bbox 279 2664 319 2729; x_wconf 89' lang='lat' dir='ltr'>In</span> <span class='ocrx_word' id='word_1_175' title='bbox 341 2665 443 2730; x_wconf 90' lang='lat' dir='ltr'>hortis</span> <span class='ocrx_word' id='word_1_176' title='bbox 466 2676 572 2732; x_wconf 88' lang='lat' dir='ltr'>autem</span> <span class='ocrx_word' id='word_1_177' title='bbox 587 2666 752 2750; x_wconf 86' lang='lat' dir='ltr'>Epicureis</span> <span class='ocrx_word' id='word_1_178' title='bbox 775 2669 901 2750; x_wconf 88' lang='lat' dir='ltr'>praeter</span> <span class='ocrx_word' id='word_1_179' title='bbox 922 2665 1131 2749; x_wconf 90' lang='lat' dir='ltr'>philosophos</span> <span class='ocrx_word' id='word_1_180' title='bbox 1153 2664 1249 2729; x_wconf 89' lang='lat' dir='ltr'>etiam</span> <span class='ocrx_word' id='word_1_181' title='bbox 1270 2664 1340 2748; x_wconf 92' lang='lat' dir='ltr'>phi·</span> 
     </span>
     <span class='ocr_line' id='line_1_23' title="bbox 196 2773 1340 2860; baseline 0 -22"><span class='ocrx_word' id='word_1_182' title='bbox 196 2774 346 2858; x_wconf 82' lang='lat' dir='ltr'>Iosephus</span> <span class='ocrx_word' id='word_1_183' title='bbox 368 2780 509 2841; x_wconf 88' lang='lat' dir='ltr'>versatas</span> <span class='ocrx_word' id='word_1_184' title='bbox 532 2799 600 2842; x_wconf 90' lang='lat' dir='ltr'>esse</span> <span class='ocrx_word' id='word_1_185' title='bbox 623 2779 763 2860; x_wconf 89' lang='lat' dir='ltr'>constat,</span> <span class='ocrx_word' id='word_1_186' title='bbox 787 2798 881 2860; x_wconf 91' lang='lat' dir='ltr'>quem</span> <span class='ocrx_word' id='word_1_187' title='bbox 902 2798 995 2840; x_wconf 90' lang='lat' dir='ltr'>usum</span> <span class='ocrx_word' id='word_1_188' title='bbox 1010 2775 1211 2860; x_wconf 86' lang='lat' dir='ltr'>Pythagorae</span> <span class='ocrx_word' id='word_1_189' title='bbox 1233 2773 1340 2838; x_wconf 89' lang='lat' dir='ltr'>Plate-</span> 
     </span>
     <span class='ocr_line' id='line_1_24' title="bbox 195 2884 1339 2971; baseline -0.001 -22"><span class='ocrx_word' id='word_1_190' title='bbox 195 2884 308 2968; x_wconf 89' lang='lat' dir='ltr'>nisque</span> <span class='ocrx_word' id='word_1_191' title='bbox 330 2887 474 2969; x_wconf 82' lang='lat' dir='ltr'>exempla</span> <span class='ocrx_word' id='word_1_192' title='bbox 493 2887 664 2951; x_wconf 87' lang='lat' dir='ltr'>illustrant.</span> <span class='ocrx_word' id='word_1_193' title='bbox 694 2886 783 2952; x_wconf 74' lang='lat' dir='ltr'>lntm</span> <span class='ocrx_word' id='word_1_194' title='bbox 797 2887 972 2971; x_wconf 89' lang='lat' dir='ltr'>Epicureas</span> <span class='ocrx_word' id='word_1_195' title='bbox 987 2885 1160 2950; x_wconf 86' lang='lat' dir='ltr'>nobiliores</span> <span class='ocrx_word' id='word_1_196' title='bbox 1176 2884 1339 2970; x_wconf 86' lang='lat' dir='ltr'>Diogenes</span> 
     </span>
     <span class='ocr_line' id='line_1_25' title="bbox 196 2993 1337 3080; baseline 0 -23"><span class='ocrx_word' id='word_1_197' title='bbox 196 2996 229 3058; x_wconf 90' lang='lat' dir='ltr'>et</span> <span class='ocrx_word' id='word_1_198' title='bbox 242 2993 431 3061; x_wconf 87' lang='lat' dir='ltr'>Plutarchus</span> <span class='ocrx_word' id='word_1_199' title='bbox 446 2997 577 3062; x_wconf 86' lang='lat' dir='ltr'>tradunt</span> <span class='ocrx_word' id='word_1_200' title='bbox 590 2998 688 3063; x_wconf 88' lang='lat' dir='ltr'>fuisse</span> <span class='ocrx_word' id='word_1_201' title='bbox 703 2998 915 3080; x_wconf 86' lang='lat' dir='ltr'>Themistam,</span> <span class='ocrx_word' id='word_1_202' title='bbox 930 2996 1064 3060; x_wconf 86' lang='lat' dir='ltr'>Leontei</span> <span class='ocrx_word' id='word_1_203' title='bbox 1080 3016 1211 3059; x_wconf 85' lang='lat' dir='ltr'>uxerem</span> <span class='ocrx_word' id='word_1_204' title='bbox 1227 2994 1337 3080; x_wconf 79' lang='lat' dir='ltr'>(Dieg.</span> 
     </span>
     <span class='ocr_line' id='line_1_26' title="bbox 97 3088 1338 3195; baseline 0 -27"><span class='ocrx_word' id='word_1_205' title='bbox 97 3088 99 3090; x_wconf 41' lang='grc'>’</span> <span class='ocrx_word' id='word_1_206' title='bbox 195 3104 300 3170; x_wconf 87' lang='lat' dir='ltr'>Laert.</span> <span class='ocrx_word' id='word_1_207' title='bbox 323 3105 363 3189; x_wconf 90' lang='grc' dir='ltr'>Χ,</span> <span class='ocrx_word' id='word_1_208' title='bbox 378 3108 429 3173; x_wconf 80' lang='lat'>25.</span> <span class='ocrx_word' id='word_1_209' title='bbox 446 3109 520 3195; x_wconf 81' lang='lat' dir='ltr'>ah),</span> <span class='ocrx_word' id='word_1_210' title='bbox 542 3111 696 3177; x_wconf 89' lang='grc' dir='ltr'>Λεόντιον</span> <span class='ocrx_word' id='word_1_211' title='bbox 720 3108 913 3195; x_wconf 55' lang='lat' dir='ltr'>(eominus</span> <span class='ocrx_word' id='word_1_212' title='bbox 938 3107 1134 3186; x_wconf 89' lang='grc' dir='ltr'>Λεοντάριον</span> <span class='ocrx_word' id='word_1_213' title='bbox 1156 3104 1232 3168; x_wconf 89' lang='lat' dir='ltr'>ibid.</span> <span class='ocrx_word' id='word_1_214' title='bbox 1256 3104 1338 3190; x_wconf 59' lang='lat' dir='ltr'>gt),</span> 
     </span>
     <span class='ocr_line' id='line_1_27' title="bbox 197 3213 1341 3305; baseline -0.003 -26"><span class='ocrx_word' id='word_1_215' title='bbox 197 3216 388 3296; x_wconf 90' lang='grc' dir='ltr'>Μαρμάριον</span> <span class='ocrx_word' id='word_1_216' title='bbox 426 3218 484 3305; x_wconf 82' lang='lat' dir='ltr'>(ut</span> <span class='ocrx_word' id='word_1_217' title='bbox 509 3219 607 3303; x_wconf 85' lang='lat' dir='ltr'>vulgo</span> <span class='ocrx_word' id='word_1_218' title='bbox 635 3219 754 3304; x_wconf 85' lang='lat' dir='ltr'>legitur</span> <span class='ocrx_word' id='word_1_219' title='bbox 780 3217 856 3282; x_wconf 91' lang='lat' dir='ltr'>ibid.</span> <span class='ocrx_word' id='word_1_220' title='bbox 885 3219 959 3300; x_wconf 62' lang='lat'>57,</span> <span class='ocrx_word' id='word_1_221' title='bbox 997 3216 1189 3298; x_wconf 90' lang='grc' dir='ltr'>Μαμμάριον</span> <span class='ocrx_word' id='word_1_222' title='bbox 1212 3213 1341 3278; x_wconf 87' lang='lat' dir='ltr'>exhibet</span> 
     </span>
    </p>
   </div>
   <div class='ocr_carea' id='block_1_5' title="bbox 195 3415 1441 4084">
    <p class='ocr_par' dir='ltr' id='par_1_6' title="bbox 195 3415 1361 3646">
     <span class='ocr_line' id='line_1_28' title="bbox 264 3415 1340 3490; baseline -0.003 -17"><span class='ocrx_word' id='word_1_223' title='bbox 264 3417 282 3486; x_wconf 72' lang='lat'>¹)</span> <span class='ocrx_word' id='word_1_224' title='bbox 300 3417 378 3474; x_wconf 88' lang='lat' dir='ltr'>Haec</span> <span class='ocrx_word' id='word_1_225' title='bbox 395 3423 547 3490; x_wconf 87' lang='lat' dir='ltr'>postquam</span> <span class='ocrx_word' id='word_1_226' title='bbox 564 3418 701 3475; x_wconf 88' lang='lat' dir='ltr'>industrie</span> <span class='ocrx_word' id='word_1_227' title='bbox 718 3418 900 3488; x_wconf 82' lang='lat' dir='ltr'>investigavi,</span> <span class='ocrx_word' id='word_1_228' title='bbox 919 3418 1100 3488; x_wconf 81' lang='lat' dir='ltr'>Spengelium</span> <span class='ocrx_word' id='word_1_229' title='bbox 1118 3415 1266 3485; x_wconf 76' lang='lat' dir='ltr'>(Philoleg.</span> <span class='ocrx_word' id='word_1_230' title='bbox 1285 3416 1304 3469; x_wconf 95' lang='lat' dir='ltr'>l.</span> <span class='ocrx_word' id='word_1_231' title='bbox 1317 3433 1340 3470; x_wconf 94' lang='lat' dir='ltr'>c.</span> 
     </span>
     <span class='ocr_line' id='line_1_29' title="bbox 195 3499 1361 3574; baseline -0.003 -18"><span class='ocrx_word' id='word_1_232' title='bbox 195 3519 260 3572; x_wconf 87' lang='lat' dir='ltr'>pag.</span> <span class='ocrx_word' id='word_1_233' title='bbox 278 3506 338 3572; x_wconf 81' lang='grc'>531)</span> <span class='ocrx_word' id='word_1_234' title='bbox 361 3506 461 3560; x_wconf 89' lang='lat' dir='ltr'>eadem</span> <span class='ocrx_word' id='word_1_235' title='bbox 483 3508 548 3561; x_wconf 90' lang='lat' dir='ltr'>ante</span> <span class='ocrx_word' id='word_1_236' title='bbox 568 3521 718 3574; x_wconf 88' lang='lat' dir='ltr'>occupasse</span> <span class='ocrx_word' id='word_1_237' title='bbox 737 3504 932 3559; x_wconf 87' lang='lat' dir='ltr'>animadverti.</span> <span class='ocrx_word' id='word_1_238' title='bbox 966 3502 1049 3558; x_wconf 88' lang='lat' dir='ltr'>Absit</span> <span class='ocrx_word' id='word_1_239' title='bbox 1066 3500 1185 3557; x_wconf 88' lang='lat' dir='ltr'>invidia!</span> <span class='ocrx_word' id='word_1_240' title='bbox 1209 3499 1340 3556; x_wconf 83' lang='lat' dir='ltr'>Ceterum</span> <span class='ocrx_word' id='word_1_241' title='bbox 1357 3559 1361 3565; x_wconf 52' lang='grc'>,</span> 
     </span>
     <span class='ocr_line' id='line_1_30' title="bbox 195 3588 805 3646; baseline 0.007 -7"><span class='ocrx_word' id='word_1_242' title='bbox 195 3588 336 3643; x_wconf 88' lang='lat' dir='ltr'>netandae</span> <span class='ocrx_word' id='word_1_243' title='bbox 354 3591 419 3644; x_wconf 78' lang='lat' dir='ltr'>runt</span> <span class='ocrx_word' id='word_1_244' title='bbox 436 3590 531 3646; x_wconf 89' lang='lat' dir='ltr'>variae</span> <span class='ocrx_word' id='word_1_245' title='bbox 549 3591 668 3644; x_wconf 90' lang='lat' dir='ltr'>neminis</span> <span class='ocrx_word' id='word_1_246' title='bbox 685 3591 805 3645; x_wconf 86' lang='lat' dir='ltr'>formae:</span> 
     </span>
    </p>

    <p class='ocr_par' dir='ltr' id='par_1_7' title="bbox 281 3670 1339 3745">
     <span class='ocr_line' id='line_1_31' title="bbox 281 3670 1339 3745; baseline -0.004 -19"><span class='ocrx_word' id='word_1_247' title='bbox 281 3672 403 3728; x_wconf 85' lang='lat' dir='ltr'>Genitiv.</span> <span class='ocrx_word' id='word_1_248' title='bbox 454 3675 536 3745; x_wconf 83' lang='lat' dir='ltr'>Dieg.</span> <span class='ocrx_word' id='word_1_249' title='bbox 548 3676 640 3732; x_wconf 85' lang='lat' dir='ltr'>Laert.</span> <span class='ocrx_word' id='word_1_250' title='bbox 653 3675 687 3742; x_wconf 86' lang='grc' dir='ltr'>ΙΙ,</span> <span class='ocrx_word' id='word_1_251' title='bbox 701 3681 762 3731; x_wconf 85' lang='lat'>102:</span> <span class='ocrx_word' id='word_1_252' title='bbox 781 3677 913 3744; x_wconf 82' lang='grc' dir='ltr'>Μάθρου,</span> <span class='ocrx_word' id='word_1_253' title='bbox 936 3672 1091 3727; x_wconf 89' lang='lat' dir='ltr'>Philodem.</span> <span class='ocrx_word' id='word_1_254' title='bbox 1107 3671 1126 3724; x_wconf 89' lang='lat' dir='ltr'>l.</span> <span class='ocrx_word' id='word_1_255' title='bbox 1141 3686 1175 3724; x_wconf 79' lang='grc' dir='ltr'>αι</span> <span class='ocrx_word' id='word_1_256' title='bbox 1195 3670 1339 3739; x_wconf 83' lang='grc' dir='ltr'>Μιθρέοιις.</span> 
     </span>
    </p>

    <p class='ocr_par' dir='ltr' id='par_1_8' title="bbox 280 3754 1441 3829">
     <span class='ocr_line' id='line_1_32' title="bbox 280 3754 1441 3829; baseline -0.004 -18"><span class='ocrx_word' id='word_1_257' title='bbox 280 3757 374 3814; x_wconf 89' lang='lat' dir='ltr'>Dativ.</span> <span class='ocrx_word' id='word_1_258' title='bbox 454 3760 596 3815; x_wconf 87' lang='lat' dir='ltr'>Plutarch.</span> <span class='ocrx_word' id='word_1_259' title='bbox 614 3776 670 3814; x_wconf 91' lang='lat' dir='ltr'>non</span> <span class='ocrx_word' id='word_1_260' title='bbox 687 3775 768 3829; x_wconf 78' lang='lat' dir='ltr'>perse</span> <span class='ocrx_word' id='word_1_261' title='bbox 788 3775 864 3814; x_wconf 84' lang='lat' dir='ltr'>suav.</span> <span class='ocrx_word' id='word_1_262' title='bbox 879 3756 935 3813; x_wconf 91' lang='lat' dir='ltr'>viv.</span> <span class='ocrx_word' id='word_1_263' title='bbox 951 3757 1017 3812; x_wconf 82' lang='lat' dir='ltr'>le:</span> <span class='ocrx_word' id='word_1_264' title='bbox 1036 3757 1150 3826; x_wconf 84' lang='grc' dir='ltr'>Μίθρῳ,</span> <span class='ocrx_word' id='word_1_265' title='bbox 1174 3756 1238 3811; x_wconf 88' lang='lat' dir='ltr'>adv.</span> <span class='ocrx_word' id='word_1_266' title='bbox 1251 3754 1340 3810; x_wconf 85' lang='lat' dir='ltr'>Celet.</span> <span class='ocrx_word' id='word_1_267' title='bbox 1433 3787 1441 3797; x_wconf 77' lang='lat'><em>,</em></span> 
     </span>
    </p>

    <p class='ocr_par' dir='ltr' id='par_1_9' title="bbox 281 3845 1341 4084">
     <span class='ocr_line' id='line_1_33' title="bbox 455 3845 840 3916; baseline -0.003 -17"><span class='ocrx_word' id='word_1_268' title='bbox 455 3845 473 3899; x_wconf 90' lang='lat' dir='ltr'>l.</span> <span class='ocrx_word' id='word_1_269' title='bbox 487 3862 522 3898; x_wconf 90' lang='lat' dir='ltr'>e.:</span> <span class='ocrx_word' id='word_1_270' title='bbox 542 3847 643 3916; x_wconf 74' lang='grc' dir='ltr'>Μίθρῃ.</span> <span class='ocrx_word' id='word_1_271' title='bbox 838 3859 840 3862; x_wconf 87' lang='grc'><strong><em>·</em></strong></span> 
     </span>
     <span class='ocr_line' id='line_1_34' title="bbox 281 3923 1341 3998; baseline -0.004 -18"><span class='ocrx_word' id='word_1_272' title='bbox 281 3926 440 3983; x_wconf 85' lang='lat' dir='ltr'>Accusativ.</span> <span class='ocrx_word' id='word_1_273' title='bbox 458 3929 539 3998; x_wconf 85' lang='lat' dir='ltr'>Dieg.</span> <span class='ocrx_word' id='word_1_274' title='bbox 556 3930 648 3984; x_wconf 88' lang='lat' dir='ltr'>Laert.</span> <span class='ocrx_word' id='word_1_275' title='bbox 664 3929 698 3997; x_wconf 86' lang='lat' dir='ltr'>X,</span> <span class='ocrx_word' id='word_1_276' title='bbox 714 3935 744 3983; x_wconf 84' lang='lat'>4:</span> <span class='ocrx_word' id='word_1_277' title='bbox 767 3928 893 3997; x_wconf 83' lang='grc' dir='ltr'>Μίθρην,</span> <span class='ocrx_word' id='word_1_278' title='bbox 921 3925 960 3993; x_wconf 86' lang='grc' dir='ltr'>Χ,</span> <span class='ocrx_word' id='word_1_279' title='bbox 974 3932 1018 3980; x_wconf 79' lang='lat'>28:</span> <span class='ocrx_word' id='word_1_280' title='bbox 1038 3925 1162 3993; x_wconf 83' lang='grc' dir='ltr'>Μίθραν,</span> <span class='ocrx_word' id='word_1_281' title='bbox 1185 3923 1341 3978; x_wconf 89' lang='lat' dir='ltr'>Philodem.</span> 
     </span>
     <span class='ocr_line' id='line_1_35' title="bbox 455 4013 661 4084; baseline 0 -17"><span class='ocrx_word' id='word_1_282' title='bbox 455 4013 473 4067; x_wconf 91' lang='lat' dir='ltr'>l.</span> <span class='ocrx_word' id='word_1_283' title='bbox 486 4031 522 4068; x_wconf 75' lang='grc' dir='ltr'>αι</span> <span class='ocrx_word' id='word_1_284' title='bbox 543 4017 661 4084; x_wconf 87' lang='grc' dir='ltr'>Μιθρῆν.</span> 
     </span>
    </p>
   </div>
   <div class='ocr_carea' id='block_1_6' title="bbox 97 4093 1341 4168">
    <p class='ocr_par' dir='ltr' id='par_1_10' title="bbox 97 4093 1341 4168">
     <span class='ocr_line' id='line_1_36' title="bbox 97 4093 1341 4168; baseline 0 -22"><span class='ocrx_word' id='word_1_285' title='bbox 97 4141 102 4146; x_wconf 87' lang='grc'>,</span> <span class='ocrx_word' id='word_1_286' title='bbox 195 4094 392 4151; x_wconf 90' lang='lat' dir='ltr'>Philodemum</span> <span class='ocrx_word' id='word_1_287' title='bbox 413 4100 617 4154; x_wconf 89' lang='lat' dir='ltr'>nominativum</span> <span class='ocrx_word' id='word_1_288' title='bbox 636 4101 744 4168; x_wconf 86' lang='grc' dir='ltr'>Μιθρῆς</span> <span class='ocrx_word' id='word_1_289' title='bbox 766 4098 897 4151; x_wconf 88' lang='lat' dir='ltr'>statuisse</span> <span class='ocrx_word' id='word_1_290' title='bbox 916 4113 931 4151; x_wconf 89' lang='lat' dir='ltr'>e</span> <span class='ocrx_word' id='word_1_291' title='bbox 949 4094 1069 4165; x_wconf 85' lang='lat' dir='ltr'>genitivi</span> <span class='ocrx_word' id='word_1_292' title='bbox 1090 4093 1183 4147; x_wconf 84' lang='lat' dir='ltr'>ferma</span> <span class='ocrx_word' id='word_1_293' title='bbox 1201 4093 1341 4160; x_wconf 85' lang='grc' dir='ltr'>Μιθρὲους</span> 
     </span>
    </p>
   </div>
   <div class='ocr_carea' id='block_1_7' title="bbox 196 4175 1341 4424">
    <p class='ocr_par' dir='ltr' id='par_1_11' title="bbox 196 4175 1341 4424">
     <span class='ocr_line' id='line_1_37' title="bbox 196 4175 1341 4253; baseline -0.002 -21"><span class='ocrx_word' id='word_1_294' title='bbox 196 4180 285 4248; x_wconf 91' lang='lat' dir='ltr'>patet.</span> <span class='ocrx_word' id='word_1_295' title='bbox 327 4180 504 4253; x_wconf 81' lang='lat' dir='ltr'>Quapropter</span> <span class='ocrx_word' id='word_1_296' title='bbox 526 4184 701 4238; x_wconf 87' lang='lat' dir='ltr'>accusativus</span> <span class='ocrx_word' id='word_1_297' title='bbox 724 4181 801 4251; x_wconf 88' lang='lat' dir='ltr'>apud</span> <span class='ocrx_word' id='word_1_298' title='bbox 824 4182 943 4236; x_wconf 89' lang='lat' dir='ltr'>eundem</span> <span class='ocrx_word' id='word_1_299' title='bbox 971 4175 1133 4232; x_wconf 84' lang='lat' dir='ltr'>scribendus</span> <span class='ocrx_word' id='word_1_300' title='bbox 1156 4177 1199 4231; x_wconf 91' lang='lat' dir='ltr'>est</span> <span class='ocrx_word' id='word_1_301' title='bbox 1222 4177 1341 4244; x_wconf 84' lang='grc' dir='ltr'>Μιθρῆν,</span> 
     </span>
     <span class='ocr_line' id='line_1_38' title="bbox 196 4262 1341 4335; baseline -0.003 -19"><span class='ocrx_word' id='word_1_302' title='bbox 196 4263 288 4317; x_wconf 88' lang='lat' dir='ltr'>ferma</span> <span class='ocrx_word' id='word_1_303' title='bbox 305 4265 376 4320; x_wconf 87' lang='lat' dir='ltr'>alias</span> <span class='ocrx_word' id='word_1_304' title='bbox 392 4283 448 4321; x_wconf 92' lang='lat' dir='ltr'>non</span> <span class='ocrx_word' id='word_1_305' title='bbox 465 4267 608 4323; x_wconf 87' lang='lat' dir='ltr'>inusitata.</span> <span class='ocrx_word' id='word_1_306' title='bbox 640 4269 680 4325; x_wconf 87' lang='lat' dir='ltr'>Cf.</span> <span class='ocrx_word' id='word_1_307' title='bbox 693 4266 764 4322; x_wconf 86' lang='lat' dir='ltr'>Keil.</span> <span class='ocrx_word' id='word_1_308' title='bbox 781 4266 899 4321; x_wconf 88' lang='lat' dir='ltr'>analect.</span> <span class='ocrx_word' id='word_1_309' title='bbox 912 4262 1058 4335; x_wconf 81' lang='lat' dir='ltr'>epigraph.</span> <span class='ocrx_word' id='word_1_310' title='bbox 1070 4278 1135 4333; x_wconf 83' lang='lat' dir='ltr'>pag.</span> <span class='ocrx_word' id='word_1_311' title='bbox 1149 4267 1206 4326; x_wconf 67' lang='lat'>1⁸23,</span> <span class='ocrx_word' id='word_1_312' title='bbox 1224 4278 1299 4316; x_wconf 91' lang='lat' dir='ltr'>num.</span> <span class='ocrx_word' id='word_1_313' title='bbox 1312 4267 1341 4314; x_wconf 81' lang='lat'>2:</span> 
     </span>
     <span class='ocr_line' id='line_1_39' title="bbox 199 4349 530 4424; baseline 0 -17"><span class='ocrx_word' id='word_1_314' title='bbox 199 4349 361 4424; x_wconf 79' lang='grc' dir='ltr'>(οφοκλῆν,</span> <span class='ocrx_word' id='word_1_315' title='bbox 380 4356 530 4421; x_wconf 82' lang='grc' dir='ltr'>Φιλοκλῆν.</span> 
     </span>
    </p>
   </div>
   <div class='ocr_carea' id='block_1_8' title="bbox 0 0 1485 4942">
    <p class='ocr_par' dir='ltr' id='par_1_12' title="bbox 0 0 1485 4942">
     <span class='ocr_line' id='line_1_40' title="bbox 0 0 1485 4942; baseline 0 0"><span class='ocrx_word' id='word_1_316' title='bbox 0 0 1485 4942; x_wconf 95' lang='lat' dir='ltr'> </span> 
     </span>
    </p>
   </div>
  </div>
 </body>
</html>
