2956 4942
509 255 847 366 ⁵-39-

546 571 549 576 ’
642 599 755 693 Pars
785 598 839 694 II.

251 805 434 887 Antequam
457 803 510 866 ad'
524 803 609 886 ipsas
631 802 778 867 accedam
801 823 933 887 operum
955 801 1131 866 Metrodori
1152 802 1312 889 reliquias,

167 915 262 978 certis
291 913 417 997 quidem
445 913 636 997 fragmentis
657 934 788 1007 necesse
815 912 940 976 videtur
960 934 1062 997 pauca
1087 913 1251 997 praemitti
1274 914 1312 979 de

166 1024 205 1087 iis
233 1023 328 1106 locis,
366 1023 420 1107 qui
448 1026 517 1087 turn
544 1023 679 1087 aliorum
694 1027 781 1087 sunt
807 1022 1076 1107 Metrodororum‚
1109 1026 1178 1088 tum
1206 1025 1311 1108 specie

166 1135 301 1217 quadam
322 1132 557 1216 probabilitatis
579 1133 737 1215 Epicureo
760 1133 892 1197 attribui
915 1137 1043 1216 queunt.
1089 1124 1244 1198 Omittam
1266 1138 1311 1198 ta-

166 1265 237 1307 men
262 1243 349 1307 locos
372 1243 423 1307 vel
445 1242 562 1306 diserte
583 1242 634 1305 vel
656 1242 751 1306 certis
772 1243 899 1306 indiciis
922 1245 1059 1328 cujusvis
1082 1245 1209 1328 generis
1232 1245 1312 1309 alios

165 1353 367 1418 Metrodoros
388 1374 513 1436 praese
535 1352 673 1416 ferentes
697 1353 883 1436 scriptores,
906 1354 1005 1417 veluti
1019 1354 1210 1439 fragmenta,
1232 1377 1312 1439 quae

166 1466 291 1528 exstant
312 1463 395 1547 apud
419 1463 574 1543 solinum,
597 1462 736 1546 Lydum,
759 1462 953 1527 Scholiastas
975 1464 1015 1528 ad
1037 1463 1227 1549 Virgilium,
1250 1465 1310 1549 Ly-

167 1573 377 1658 cophronem,
401 1573 488 1637 alibi.

249 1684 329 1748 Prae
345 1683 457 1747 ceteris
473 1682 591 1767 placita
613 1683 651 1747 de
665 1682 807 1767 physicis
829 1687 1003 1747 memorata
1024 1684 1117 1748 velim
1134 1684 1311 1749 Metrodori

165 1795 295 1858 nomine
324 1794 480 1857 instructa
509 1793 592 1876 apud
615 1792 971 1858 Pseudo-Plutarchum
993 1794 1032 1858 de
1053 1795 1154 1878 placo.
1177 1795 1310 1879 philoss.

166 1903 431 1988 (Pseudo-Galen.
448 1905 486 1967 de
501 1903 614 1987 philos.
631 1903 761 1987 histor,
784 1903 901 1968 Euseb.
917 1925 1025 1988 praep.
1042 1907 1172 1990 evang.)
1195 1909 1228 1969 et
1242 1905 1312 1970 Sto·

164 2015 278 2078 baeum
299 2014 424 2098 eclogg.
440 2012 549 2097 physs.
586 2013 728 2089 Quorum
750 2013 1004 2097 fragmentorum
1026 2015 1185 2099 plerisque
1207 2016 1312 2080 solum
1405 2047 1410 2057 ·

164 2146 282 2189 nornen
303 2123 479 2188 Metrodori
506 2124 691 2207 impositum
714 2127 776 2209 est3
807 2126 958 2207 quattuor
978 2145 1053 2189 vero
1080 2127 1208 2190 exstant
1234 2128 1312 2190 nota

163 2230 308 2320 pleniore
328 2234 483 2319 insignita
503 2233 633 2299 haecce:

318 2346 349 2429 1)
373 2344 460 2410 Stob.
477 2344 497 2410 l.
515 2365 541 2408 c.
557 2343 583 2428 l,
601 2344 650 2428 10,
668 2344 723 2408 14:
748 2347 984 2428 Μητρόδωρος,
1007 2346 1198 2428 Θεοκρίτου,
1223 2349 1309 2414 Χίος.

315 2455 349 2542 2)
372 2453 526 2520 Plutarch
541 2455 562 2518 l.
575 2476 601 2519 c.
617 2453 660 2539 ΙΙ,
678 2455 723 2521 15.
749 2454 860 2519 Galen.
876 2455 896 2518 l.
910 2476 936 2519 c.
955 2456 1002 2519 13.
1026 2455 1143 2520 Euseb.
1160 2457 1181 2520 l.
1195 2478 1221 2520 c.
1238 2456 1310 2542 XV,

372 2561 434 2629 846
449 2564 495 2629 D:
518 2566 781 2650 Ἀναξίμανδρος,
798 2566 1018 2646 Μητρόδωρος
1033 2566 1052 2632 ὁ
1070 2568 1160 2650 Χίος,
1178 2567 1307 2648 Κράτης.

295 2677 351 2763 ’3)
375 2675 462 2740 Stob.
485 2675 555 2759 lc.
581 2674 608 2760 1,
628 2675 679 2759 22,
700 2677 731 2740 3.
762 2674 874 2739 Galen.
895 2675 915 2739 l.
932 2696 958 2739 c.
981 2677 1015 2741 l:
1045 2676 1265 2757 Μητρόδωρος
1288 2678 1307 2744 ὁ

372 2789 550 2867 καθηγητὴς
573 2786 770 2866 Ἐπικούρου.

248 2897 415 2960 Postrema
443 2896 541 2960 verba
571 2897 590 2963 ὁ
618 2902 685 2961 καθ.
714 2896 777 2961 Ἐπ.
812 2895 909 2959 aliurn
943 2895 1111 2981 designare
1143 2880 1308 2982 nequeunt

163 3006 227 3071 nisi
241 3005 373 3088 Chium,
395 3005 489 3070 modo
505 3005 582 3069 alibi
598 3005 725 3090 quidem
741 3005 903 3089 inusitato,
919 3005 1049 3070 minime
1064 3009 1173 3070 tamen
1187 3008 1308 3093 inepto

163 3117 288 3181 Desunt
309 3115 387 3180 haec
409 3116 506 3180 verba
528 3117 612 3200 apud
634 3115 795 3180 Plutarch.
819 3116 839 3179 l.
857 3136 885 3179 c.
908 3114 935 3200 Ι,
957 3117 1024 3194 5,5
1047 3119 1080 3180 et
1101 3115 1219 3184 Euseb.
1242 3119 1263 3182 l.
1281 3141 1308 3182 c.

163 3226 226 3291 842
241 3228 287 3304 A,
316 3249 374 3310 par
395 3226 547 3308 placitum
570 3226 748 3290 afferentes.
795 3225 945 3291 Ceterum
966 3247 1033 3290 non
1057 3230 1120 3310 est,
1148 3227 1234 3311 quod
1256 3249 1310 3292 vo-

163 3358 232 3401 cem
251 3339 428 3418 καθηγητής
450 3336 565 3400 mendo
589 3339 768 3419 corruptam
790 3339 937 3421 putemus
961 3337 1016 3421 (cf.
1034 3336 1145 3415 Zeller.
1162 3336 1197 3400 in
1211 3336 1309 3402 libro:

165 3445 356 3512 Geschichte
371 3447 427 3512 der
441 3446 561 3512 Philos.
583 3447 613 3510 d.
632 3445 757 3510 Griech.
782 3447 830 3510 ed.
846 3446 893 3531 113
916 3450 993 3510 tom.
1009 3446 1025 3510 Ι
1046 3468 1120 3531 pag.
1136 3447 1200 3512 662
1214 3448 1308 3531 not).

314 3557 349 3644 4)
366 3556 529 3622 Plutarch.
546 3557 566 3621 l.
583 3578 609 3621 ο.
625 3555 674 3640 Π,
692 3559 708 3619 1
734 3555 787 3640 (cf.
805 3556 913 3639 Gyrill.
931 3577 956 3620 c.
970 3555 1090 3621 Julian.
1106 3556 1148 3640 II,
1163 3578 1239 3641 pag.
1256 3558 1317 3622 46.·

372 3667 453 3752 0pp.
476 3671 554 3732 tom.
569 3666 617 3731 Vl
638 3666 685 3730 cd.
702 3666 834 3730 hubert.
851 3666 954 3730 Lutct.
973 3666 1084 3749 1638):
1107 3669 1309 3748 Δημόκριτος

369 3781 420 3844 καὶ
441 3778 626 3859 Ἐπίκουρος
653 3779 705 3843 καί
732 3777 751 3842 ὁ
779 3777 898 3843 τούτου
926 3780 1064 3858 μαθητὴς
1087 3778 1309 3858 Μητρόδωρος

371 3890 523 3969 ἀπείρου(
556 3889 691 3971 κόςμους
726 3889 761 3953 ἐν
789 3893 835 3973 τῷ
867 3887 990 3972 ἀπείρῳ
1020 3889 1071 3953 καί
1098 3889 1177 3952 κατὰ
1205 3891 1309 3954 πᾶςαν

370 3978 559 4079 τίερίςταςιν.
609 3998 730 4075 Quibus
763 3997 868 4062 verbis
900 3995 1102 4061 Metrodorus
1132 3996 1308 4081 Epicureus

372 4109 508 4173 dilucide
524 4110 702 4194 denotatur,
717 4108 863 4192 idemque
879 4108 999 4173 dictum
1014 4128 1032 4171 a
1048 4106 1170 4171 Galeno
1186 4107 1206 4170 l.
1223 4127 1250 4169 c.
1269 4107 1305 4169 11

371 4219 433 4283 hoc
456 4219 551 4284 modo
574 4219 718 4283 affertur:
746 4221 787 4284 Δ.
810 4222 862 4285 καὶ
883 4221 923 4284 Ἐ.
953 4221 1005 4284 καὶ
1031 4219 1050 4284 ὁ
1072 4219 1191 4284 τούτου
1213 4222 1307 4296 καθη-

371 4333 467 4411 γητὴς
495 4331 675 4397 Λεύκιππος
708 4330 861 4410 ἀπείρους
890 4331 975 4409 κόςμ.
1010 4329 1045 4395 ἐν
1073 4351 1100 4393 τ.
1130 4327 1184 4392 ἀπ.
1215 4333 1307 4411 κενῷ.
