2956 4942
539 291 844 373 W-m-

164 479 234 542 vide
262 478 437 563 Lucignan.
466 478 505 542 ad
534 477 710 542 Philodem.
744 478 782 542 de
809 478 913 563 gratia
941 479 1063 542 eol.10
1089 479 1122 543 in
1150 479 1186 544 O.
1209 479 1245 542 P.
1268 479 1308 543 X.

164 588 214 654 Of.
238 588 393 653 Gassend.
418 588 594 652 animadvv.
618 589 652 653 in
667 588 764 673 Diog.
780 588 884 652 Laert.
908 588 962 652 lib.
982 587 1017 651 X*
1033 610 1106 673 pag.
1125 589 1207 652 1642
1222 610 1309 672 seqq.

164 699 246 762 sicut
267 698 384 784 Angel.
409 698 511 763 Scotti
539 699 638 782 praef.
671 699 710 763 ad
732 697 909 762 Philodem.
932 697 1050 762 rhetor.
1079 699 1113 761 in
1136 697 1169 763 O.
1194 698 1229 762 P.
1252 697 1308 762 IV.

164 807 312 873 Ceterum
334 809 418 893 apud
440 808 642 891 Ciceronem,
670 807 892 891 Plutarchum,
916 808 995 879 alios
1018 807 1057 872 de
1078 808 1310 891 Epicureorum

164 921 349 1002 contemptu
371 919 564 1003 reipublicae
587 909 649 983 loci
672 921 800 983 exstant
821 919 980 1003 permulti.

247 1045 429 1130 Sequuntur
456 1047 544 1111 varia
577 1047 757 1132 fragmenta
784 1045 824 1110 ad
851 1047 935 1110 vitae
961 1046 1212 1111 moderationem
1241 1069 1309 1129 spe-

71 1211 74 1216 .
164 1156 292 1221 stantia.

680 1267 784 1322 XXII.
809 1283 821 1293 “

315 1401 388 1466 Seu.
413 1402 505 1486 epist.
528 1401 674 1485 LXXXI,
699 1404 748 1467 10.

246 1537 447 1602 Metrodorus
476 1541 561 1603 certe
589 1539 648 1621 ait,
683 1539 786 1603 solum
815 1539 991 1622 sapientem
1025 1538 1142 1602 referre
1173 1538 1309 1621 gratiam

162 1669 251 1712 serre.

246 1834 306 1897 His
329 1835 433 1899 verbis
456 1834 644 1901 succedunt:
667 1835 820 1919 „Deinde
835 1835 919 1901 idem
935 1834 1123 1927 admiratur,
1147 1856 1218 1899 cum
1234 1834 1309 1899 dici-

162 1967 247 2008 mus:
271 1945 357 2008 solus
380 1947 507 2030 sapiens
530 1946 591 2011 scit
612 1968 731 2029 amare,
755 1946 852 2040 solus⁸
865 1944 993 2029 sapiens
1016 1944 1136 2008 amicus
1159 1947 1241 2008 est“.
1268 1983 1309 1991 —

161 2055 305 2137 „Deinde
328 2055 412 2118 idem
433 2054 608 2118 admiratur
614 2105 624 2139 ,
647 2056 731 2140 quod
747 2055 898 2138 dicimus,
921 2055 1014 2119 fidem
1031 2054 1096 2118 nisi
1117 2054 1151 2117 in
1166 2054 1309 2137 sapiente

162 2186 228 2228 non
251 2186 336 2248 esse,
359 2167 510 2248 tanquam
531 2187 597 2229 non
618 2166 686 2250 ipse
708 2165 792 2229 idem
815 2165 937 2237 dicat“.

247 2292 296 2357 Of.
326 2291 453 2375 Epicur.
483 2298 565 2376 apud
593 2291 688 2378 Diog.
717 2293 820 2357 Laert.
836 2264 889 2376 X,
915 2294 989 2357 118:
1026 2296 1126 2374 μόνον
1154 2315 1189 2359 τε
1217 2293 1309 2373 χάριν

163 2404 243 2469 ἕξειν
271 2405 329 2468 τὸν
353 2406 458 2485 coptu
487 2403 593 2484 (piton
615 2406 667 2468 καὶ
688 2408 824 2484 sepono
847 2405 896 2468 καὶ
925 2404 1061 2469 ἀποῦειν
1086 2404 1213 2484 ὁμοίως.
1258 2401 1309 2464 Ab

162 2512 301 2596 Epicuro
330 2515 422 2595 grata
443 2512 598 2577 bonorum
626 2514 870 2597 praeteritorum
899 2512 1078 2577 recordatio
1101 2512 1237 2576 maxime
1260 2534 1309 2575 ur-

97 2704 100 2708 ,
162 2622 296 2705 gebatur
325 2621 411 2705 (Cic.
440 2624 478 2686 de
506 2622 594 2687 finib.
618 2622 649 2705 Ι,
675 2624 728 2706 17,
751 2624 811 2708 57)
841 2624 986 2716 idemque
1014 2626 1096 2686 teste
1124 2621 1244 2687 Seneca
1271 2622 1310 2687 de

162 2731 267 2796 benef.
296 2731 404 2815 111‚4
431 2733 556 2797 assidue
584 2733 787 2817 querebatur,
822 2730 934 2816 „dtiod
962 2732 1111 2797 adversus
1139 2733 1310 2815 praeterita

163 2843 261 2905 simus
291 2841 427 2927 ingrati,
456 2843 559 2926 quod,
591 2864 795 2926 quaecunque
817 2843 1016 2926 percepimus
1044 2842 1144 2923 bona,
1172 2864 1239 2906 non
1261 2843 1311 2927 (in

163 2952 361 3034 memoriam)
383 2953 587 3036 reducamus,
615 2974 674 3017 nec
697 2953 782 3016 inter
796 2953 976 3036 voluptates
998 2969 1215 3016 numeremus:
1238 2973 1314 3028 curn⁸

163 3061 279 3142 certior
301 3062 390 3126 nulla
412 3063 453 3126 sit
474 3064 635 3146 voluptaS,
667 3084 761 3145 quam
784 3063 949 3145 quaejam
978 3062 1057 3144 eripi
1080 3083 1145 3124 non
1167 3064 1309 3144 potest“.
1335 3043 1336 3046 Ἴ

164 3170 210 3236 Of.
228 3170 402 3256 Lucignan.
425 3171 524 3255 praef.
548 3172 586 3234 ad
602 3171 778 3235 Philoclem.
803 3171 841 3234 de
857 3171 962 3255 gratia
984 3170 1198 3254 compluribus
1221 3171 1309 3254 lociS,

163 3303 257 3364 quem
279 3281 395 3345 librum
418 3281 525 3365 potius
547 3281 712 3346 restitutor
735 3281 909 3346 coniecisse
931 3281 1070 3365 videtur,
1093 3303 1188 3365 quam
1202 3280 1309 3345 Philo-

163 3391 281 3456 demus.
328 3457 329 3462 ,

670 3503 790 3558 XXIII.

315 3636 491 3701 Philodem.
521 3636 559 3701 de
582 3638 630 3701 ira
651 3637 714 3701 tab.
736 3637 777 3701 68
799 3637 832 3700 in
855 3637 888 3702 0.
913 3637 950 3700 A.
974 3636 990 3701 Ι
1014 3636 1087 3721 (Ox.
1110 3636 1126 3700 Ι
1147 3659 1219 3722 pag.
1244 3639 1308 3719 81).

366 3746 426 3811 Ed.
440 3746 608 3831 Gompera.
626 3746 814 3830 Lips.1864.
831 3768 904 3832 pag.
915 3747 974 3811 148
981 3769 1045 3830 seq.
1054 3748 1083 3830 ¹)
1100 3749 1155 3831 (ε
1171 3747 1230 3810 col.
1243 3749 1309 3832 45)-

250 3884 307 3947 Καὶ
338 3883 401 3963 γὰρ
434 3883 453 3948 ὁ
486 3884 671 3964 Ἐπίκουρος
704 3883 740 3949 ἐν
774 3888 842 3949 ταῖς
874 3884 1130 3964 Ἀναφωνήεεειν
1163 3889 1311 3966 διαεαφεῑ

164 3993 278 4077 (rape
307 3993 542 4074 θυμωθήεεεθαι
571 3995 621 4059 καὶ
648 3994 686 4059 τὸ
714 3995 864 4074 μετρίως·
902 3995 954 4059 καὶ
981 3994 1000 4059 ὁ
1028 3994 1255 4076 Μητρόδοροε,
1281 3995 1311 4060 εἰ

231 4265 252 4328 ¹)
272 4262 311 4316 Cf.
324 4262 485 4317 Buecheler.
497 4261 526 4316 in
544 4262 720 4329 „Zeitsohrift
731 4263 776 4316 fiir
788 4263 814 4316 d.
828 4264 879 4316 b'st.
893 4262 1081 4331 Gymnasien“
1099 4262 1151 4316 XV
1169 4280 1234 4332 pag.
1249 4270 1308 4319 591.

163 4346 341 4414 Spengel..in
359 4347 540 4417 „Philologo“
561 4352 625 4403 1863
636 4348 740 4418 ‚Suppb
753 4355 781 4411 2,
799 4364 864 4416 pag.
877 4353 935 4402 520.
