2956 4942
674 314 885 383 „.32„.

208 488 419 575 despiciente,
453 490 508 574 qui
538 538 558 573 „
567 489 742 553 nobilitate
762 489 952 552 contendere
960 490 980 525 “
1009 488 1166 552 studeant.
1216 487 1289 552 Vid.
1318 485 1357 553 de

209 623 265 664 rer.
290 604 355 664 nat.
379 600 421 683 ll,
447 603 483 663 11
501 621 587 683 seqq.
611 601 643 663 et
665 599 705 662 of.
730 620 758 661 v.
775 600 815 663 37
831 620 913 682 seq:
1008 597 1033 613 ”

479 715 548 789 „nil
563 717 667 773 nostro
682 715 714 772 in
730 731 854 789 corpore
868 734 957 790 gazae

392 823 567 900 preficiunt,
589 823 843 900 nequeuohilitas
859 843 913 884 nee
927 824 1023 900 gloria
1038 826 1160 901 regnit‘.

360 929 413 1013 10)
435 931 532 1008 Περὶ
554 929 796 1007 ποιημάτων.

291 1037 480 1103 Plutarchus
497 1039 577 1122 (non
592 1058 686 1121 posse
702 1060 789 1101 suar.
806 1038 867 1102 viv.
888 1038 970 1102 1094
981 1039 1025 1124 Α)
1050 1040 1224 1103 secundnm
1247 1041 1357 1106 lectio·

205 1172 280 1214 nem
307 1149 471 1234 vulgatam
498 1147 627 1212 exhibet
653 1149 726 1226 περὶ
752 1152 907 1227 ποιητῶν.
961 1147 1108 1212 Genuina
1129 1170 1203 1213 vero
1234 1150 1356 1215 inveni-

135 1304 137 1309 ·
205 1264 258 1324 tur
287 1257 370 1342 apud
392 1256 571 1322 Philodem.
596 1257 635 1321 de
657 1257 775 1322 rhetor.
821 1255 857 1322 O.
881 1258 920 1321 A.
943 1257 991 1321 IV
1014 1280 1088 1343 pag.
1112 1259 1153 1323 99
1175 1291 1217 1314 --
1240 1258 1299 1324 Ox.
1323 1260 1357 1324 II

205 1392 279 1455 pag.
298 1369 369 1433 107.
408 1366 444 1433 O.
462 1368 546 1434 ΑΝ
570 1390 644 1452 pag.
662 1368 718 1433 38:
743 1369 963 1448 Μητρόδωρο(
986 1369 1027 1433 ἐν
1047 1377 1098 1454 τῷ
1120 1372 1260 1455 πρώτῳ
1283 1373 1358 1450 περὶ

206 1481 392 1559 ποιημάτων
416 1476 581 1563 (Plutarch
603 1478 623 1541 l.
648 1499 679 1542 c:
702 1479 743 1545 ἐν
765 1482 851 1543 τοῑ(
874 1501 905 1542 π.
927 1478 974 1562 π.)
1012 1477 1061 1543 of.
1079 1477 1246 1562 Gomperz.
1271 1500 1355 1544 eom·

205 1593 303 1653 ment.
336 1588 413 1671 „die
440 1587 705 1651 herculanisehen
732 1587 873 1652 Rollen“
907 1587 941 1651 in
970 1588 1240 1672 ephemeridibus,
1275 1612 1356 1673 quae
1404 1662 1405 1666 μ

206 1699 424 1764 inscribuntur
445 1696 658 1780 „Zeitsehrift
685 1697 737 1760 fur
765 1697 815 1761 die
844 1700 953 1761 hsterr.
984 1696 1159 1780 Gymnas.“
1179 1698 1259 1763 XVI
1280 1722 1355 1785 pag.

209 1810 272 1874 824
300 1829 364 1892 seq.
408 1806 457 1871 Da
485 1811 674 1893 argumento
702 1806 766 1871 vid.
796 1828 876 1890 quae
905 1807 944 1871 ad
966 1807 1101 1871 Metrod.
1130 1808 1249 1893 fragm.
1267 1831 1356 1874 num.

206 1917 314 1983 XXXI
337 1917 570 1982 annotabimus.

289 2027 328 2092 In
349 2028 454 2112 primo
476 2027 570 2112 hujus
593 2027 697 2111 operis
719 2028 802 2091 libro
817 2027 1036 2092 Metrodorum
1059 2028 1279 2111 quaestionem
1301 2051 1354 2093 ex·

204 2140 354 2224 plicasse,
381 2141 489 2202 utrum
516 2159 567 2200 ars
594 2137 637 2200 sit
664 2122 770 2220 poesis
792 2159 908 2220 necne,
937 2137 1142 2203 Philodemus
1172 2139 1192 2202 l.
1216 2160 1242 2202 ο.
1266 2137 1355 2203 hisce

78 2241 80 2245 ’
204 2249 325 2314 indicat
346 2248 465 2312 verbis:
489 2249 540 2313 καὶ
558 2247 777 2327 Μητρόδωροε
799 2248 835 2313 ἐν
857 2255 903 2331 τῷ
925 2249 1045 2333 πρώτῳ
1067 2251 1142 2329 περὶ
1163 2250 1353 2329 ποιημάτων

204 2360 323 2425 ἱκανῶς
338 2359 441 2424 ἔοικεν
457 2357 690 2438 παρεμφαίνειν
712 2359 749 2421 τὸ
771 2359 829 2435 τήν
845 2361 1029 2441 (οφιετικήν
1053 2358 1222 2439 ῥητορικὴν
1238 2359 1354 2439 τέχνην

206 2470 379 2549 ὑπάρχειν·
403 2469 629 2548 διαλεγόμενοε
650 2470 712 2547 γάρ
728 2468 810 2548 πρόε
824 2489 895 2534 τινα
910 2474 976 2535 τῶν
991 2469 1063 2548 περὶ
1084 2469 1261 2547 ποιήματοε
1284 2489 1355 2546 ενγ-

204 2579 419 2660 γεγραφότων
528 2577 663 2660 (reliqua
691 2576 829 2659 desunt).
877 2575 927 2641 De
949 2580 1017 2642 arte
1041 2576 1257 2662 sophistarum
1284 2576 1354 2642 rhe-

69 2693 71 2698 '
204 2689 308 2752 torica
330 2688 398 2751 sine
422 2686 518 2750 dubio
540 2686 575 2748 in
590 2685 672 2749 libro
694 2685 733 2750 de
747 2687 837 2769 poesi
860 2687 1038 2770 composito
1054 2708 1121 2751 non
1143 2688 1354 2772 disseruisset,

203 2798 267 2861 nisi
290 2796 511 2880 disquisitione
527 2816 584 2860 sua
599 2816 637 2859 ee
653 2795 806 2861 adductus
829 2796 952 2862 fuisset.
991 2796 1041 2863 of.
1058 2798 1182 2881 seriptt.
1199 2820 1286 2863 num.
1305 2800 1353 2864 14.

302 2990 334 3059 d)
352 2989 446 3046 Liber
464 2989 502 3046 ad
519 2989 738 3060 philosophiae
756 2993 876 3058 partem
894 2993 1070 3049 eanonicam
1086 2993 1260 3060 pertlnens.

358 3129 412 3211 11)
435 3127 533 3208 Περὶ
555 3128 783 3207 αἰεθήεεων.

287 3236 411 3300 Laudat
438 3235 521 3301 hanc
550 3237 757 3321 scriptionem
785 3236 947 3323 Diogenes
975 3236 1120 3302 Laertius
1148 3237 1196 3323 X,
1218 3239 1270 3304 24.
1310 3242 1352 3304 A.

204 3345 350 3411 Scottum
378 3345 630 3431 fragmentorum
658 3347 824 3411 columnas
845 3345 938 3431 XXI,
967 3369 1046 3430 quas
1068 3348 1102 3412 in
1125 3347 1159 3414 O.
1183 3348 1218 3414 P.
1242 3348 1304 3433 VI,
1332 3351 1354 3413 2

204 3456 316 3540 edidit,
344 3454 438 3540 hujus
461 3456 637 3521 Metrodori
664 3456 813 3541 reliquias
842 3456 984 3541 duxisse,
1013 3458 1047 3520 in
1073 3458 1239 3542 prooemio
1268 3479 1354 3549 eom-

203 3566 410 3631 mentationis
437 3569 566 3631 nostrae
593 3567 848 3644 memoravimus.
903 3567 1122 3632 Praemunivit
1149 3567 1275 3652 quidem
1303 3569 1355 3633 vir

204 3677 316 3741 doetus
347 3677 539 3762 fragmentis
572 3677 800 3742 commentario
835 3677 1000 3744 instructis
1033 3678 1354 3763 argumentationem,

204 3809 376 3871 quasnam
405 3786 621 3873 descriptore
650 3789 866 3872 conjecturam
895 3787 1036 3871 fulciret,
1064 3787 1198 3872 argutiis
1221 3809 1353 3853 exorna-

202 3901 277 3962 tam.
315 3898 361 3961 At
382 3898 501 3982 ipsese
522 3947 542 3981 „
550 3897 745 3962 divinatione
753 3900 775 3934 “
795 3897 931 3980 quadam
946 3896 1076 3960 titulum
1091 3897 1256 3962 retinuisse
1279 3919 1354 3963 eon-

203 4008 310 4071 fitetur
332 4006 367 4092 (ξ
389 4008 434 4092 5).
480 4007 647 4092 (letarum,
677 4011 713 4072 ut
739 4007 850 4091 paucis
879 4007 1038 4072 diluamus
1060 4005 1163 4072 scotti
1185 4029 1354 4094 argumen-

203 4118 359 4182 tationem
386 4117 549 4181 fallacem:
576 4118 681 4181 omnis
710 4117 881 4200 divinatio,
909 4121 946 4182 ut
971 4117 1111 4201 videtur,
1139 4117 1179 4182 iis
1201 4119 1354 4184 evertitur

202 4228 324 4310 verbis,
360 4234 440 4311 qu'ae
468 4228 527 4291 col.
559 4228 598 4291 15
625 4227 800 4311 reperimus
829 4227 868 4291 ad
895 4227 1098 4291 notissimum
1131 4227 1212 4293 illud
1239 4229 1354 4293 Erato·
1428 4233 1433 4239 '

203 4336 325 4401 sthenis
359 4338 548 4420 spectantia.
607 4335 689 4401 Sunt
722 4340 827 4401 autem
859 4337 991 4401 haecce:
1037 4338 1160 4402 Βίωνοε
1186 4343 1245 4403 τοῦ
1272 4341 1354 4404 κατὰ
