2956 4942
633 339 669 348 ..
716 280 756 366 67
802 340 840 348 ..

46 515 49 521 -
164 475 202 539 de
229 475 314 538 bono
336 474 421 556 viro,
451 474 575 556 qualem
602 471 810 554 descripserit
825 470 985 535 Homerus
1014 473 1061 558 (in
1084 472 1118 537 O.
1141 471 1178 536 P.
1202 471 1306 558 VIII).

164 585 328 668 Ueterum,
358 585 500 667 quamvis
529 584 567 648 de
590 586 658 647 arte
680 581 805 666 poetica
833 581 925 645 aliter
953 582 1071 648 sentiat
1092 582 1306 665 Philodemus,

163 699 208 762 ut'
228 695 313 780 ¹jam.
329 717 424 779 supra
453 694 711 775 memoravimus,
752 694 846 775 atque
873 691 1102 776 Epicureorum
1134 693 1305 777 principes,

99 849 102 854 ·
162 809 224 871 hoc
245 810 353 871 tamen
374 806 456 870 libro
479 827 513 870 se
534 805 601 868 non
623 824 753 887 prorsus
782 801 1006 866 abhorrentem
1026 806 1169 886 praestat
1190 804 1230 867 ab
1251 804 1308 867 illa

163 918 295 982 Homeri
316 916 444 1002 legendi
465 916 605 997 ratione,
628 936 696 997 qua
717 912 960 997 explicationem
983 913 1125 977 0111111111
1149 917 1181 978 et
1202 936 1307 999 gram·

163 1028 312 1091 maticam
345 1024 549 1111 negligentes
581 1027 708 1109 poetam
742 1045 800 1106 pro
827 1021 1019 1114 philosopho
1052 1023 1213 1088 habebant
1240 1046 1307 1088 non

163 1137 258 1201 modo
287 1137 452 1221 Epicurei,
481 1136 536 1200 sed
565 1127 662 1200 etiam
690 1133 865 1218 sophistae3
895 1131 933 1196 de
961 1155 1023 1216 qua
1049 1135 1189 1216 „morali
1211 1135 1306 1198 inter-

67 1263 71 1268 “
163 1247 365 1332 pretatione“
386 1246 448 1310 vid.
465 1245 575 1310 Lehrs
593 1245 631 1309 de
647 1243 822 1309 Aristarch.
847 1242 929 1307 stud.
946 1242 1041 1309 Hom.
1065 1265 1161 1328 pagg.
1177 1245 1228 1320 39„
1244 1244 1307 1308 246

163 1358 210 1422 ed.
233 1357 275 1422 Il.
320 1351 443 1421 Idcirco
464 1354 652 1420 Plutarchus
680 1355 742 1419 hoc
763 1356 994 1440 fragmentum,
1023 1355 1146 1438 dequo
1173 1354 1307 1438 agimus,

97 1503 99 1507 >
138 1468 140 1472 ’
164 1463 293 1532 minime
307 1468 451 1552 proferre
467 1466 602 1546 debebat
615 1468 768 1549 tanquam
783 1465 955 1550 singularis
978 1465 1142 1548 cujusdam
1163 1465 1309 1530 inscitiae

165 1579 405 1661 documentum,
440 1559 543 1642 verbis
550 1626 559 1660 ,
596 1579 632 1639 ut
665 1575 797 1658 assolet,
831 1597 848 1640 e
879 1577 1030 1643 contextu
1058 1575 1174 1659 ereptis
1207 1575 1309 1658 iisque

164 1688 305 1771 omissis,
340 1689 454 1772 quibus
490 1689 638 1771 excerpta
654 1685 917 1750 illustrabantur.
968 1685 1116 1750 Profecto
1151 1685 1308 1769 ignorare,

163 1799 301 1862 fueritne
323 1797 444 1862 Hector
466 1797 546 1861 Tros
574 1819 615 1862 an
638 1795 768 1881 GrajuS,
796 1796 880 1860 idem
903 1798 1067 1879 astatque
1090 1794 1308 1859 011111111οΗ0-

163 1931 286 1982 merum
312 1909 471 1992 ignorare.
516 1906 599 1982 Quid
621 1908 718 1971 vero?
746 1928 854 1971 nonne
883 1906 986 1970 omnis
1014 1905 1158 1970 inscitiae
1187 1906 1308 1989 species

164 2019 272 2082 statim
294 2019 419 2082 recedit
430 2018 538 2090 ‚verbis
561 2017 735 2102 fragmenti
758 2017 836 2081 duce
858 2015 979 2082 Seneca
993 2017 1013 2081 l.
1030 2038 1056 2081 c.
1080 2016 1250 2098 enarratis,
1263 2019 1309 2078 ¹ut

162 2127 224 2193 hoc
239 2128 305 2193 fere
321 2129 457 2193 dicatur:
481 2128 564 2203 Quid
587 2128 707 2192 adrem
729 2129 889 2211 pertinere
912 2127 1073 2190 existimas
1089 2128 1184 2209 scire,
1207 2126 1308 2190 utrius
1381 2125 1383 2129 ’

163 2238 270 2322 gentis
298 2239 394 2303 fuerit
415 2237 549 2322 Hector,
573 2238 663 2321 quid,
687 2259 725 2302 ex
747 2238 901 2302 memoria
921 2237 1054 2301 recitare
1082 2257 1177 2320 posse
1199 2257 1308 2300 versus

163 2348 352 2413 Homericos
373 2346 490 2432 ubique
511 2347 669 2432 scriptos?
691 2347 781 2412 Haec
803 2348 936 2412 scientia
958 2347 1027 2410 1011
1047 2369 1106 2430 pro
1128 2346 1230 2410 nihilo
1252 2369 1308 2430 pu-

127 2542 129 2546 ·
163 2459 261 2521 tanda
284 2496 322 2504 -
346 2459 442 2521 immo
471 2457 592 2521 'attente
614 2479 669 2521 eos
691 2462 889 2541 perscrutare
911 2479 1036 2540 versus,
1065 2457 1149 2521 unde
1171 2456 1231 2520 tibi
1253 2456 1308 2519 ali-

164 2568 240 2650 quid
263 2568 422 2632 commodi
444 2570 627 2650 enascatur,
650 2569 717 2632 sive
739 2568 823 2652 quod
846 2568 987 2632 animum
1005 2568 1112 2650 juvet,
1135 2567 1201 2631 sive
1223 2566 1308 2650 quod

164 2678 258 2741 modo
280 2679 431 2761 quopiam
453 2678 493 2741 ad
514 2679 744 2744 beatitudinem
767 2682 900 2763 spectet.
939 2677 1079 2743 Omnino
1102 2678 1187 2741 enim
1210 2676 1309 2760 „haec

163 2787 226 2852 fuit
253 2788 431 2853 communis
453 2788 596 2853 florentis
619 2788 771 2855 Graeciae
794 2790 920 2874 opinio,
950 2793 1061 2874 poetas
1089 2789 1237 2852 docere“.
1266 2824 1309 2835 -

163 2898 247 2982 „sed
268 2899 398 2962 fuerunt
419 2898 473 2962 alii
496 2900 701 2985 elegantioris
719 2900 849 2984 judicii,
878 2901 933 2984 qui
956 2900 1170 2964 defendebant
1196 2900 1309 2981 poetae

164 3008 305 3072 officium
332 3030 399 3072 non
428 3030 497 3073 esse
524 3047 566 3057 —-
593 3012 809 3094 διδαεκαλίαν,
839 3011 894 3074 sed
921 3011 1141 3091 ψυχαγωγίαν.
1186 3007 1309 3072 Horum

164 3118 312 3201 princeps
339 3118 569 3184 Eratosthenes
599 3119 765 3203 (Strabon.
790 3121 806 3184 Ι
834 3143 907 3206 pag.
930 3122 959 3185 6.
988 3142 1062 3206 pag.
1085 3120 1182 3202 25)“.
1234 3117 1307 3182 Vid.

163 3231 271 3295 Lehrs.
295 3231 315 3294 l.
339 3253 365 3295 c.
387 3252 461 3316 pag.
477 3231 548 3295 246.

668 3386 802 3439 ΧΧΧΙΙ.

315 3472 475 3551 Plutarch.
499 3487 568 3551 adv.
592 3487 694 3553 Colot.
719 3486 853 3566 11081.

248 3599 284 3663 ‘0
313 3587 592 3678 bt'Mnipdbruooc
619 3583 1081 3679 ἄντικρυε11ερὶφιλοεοφίαε
1103 3599 1228 3678 εἴρηκεν
1252 3600 1308 3682 duc,

163 3710 191 3774 εἰ
212 3711 252 3788 μὴ
275 3709 539 3789 προκαθηγήεατο
554 3708 770 3792 Δημόκριτος,
793 3708 853 3774 οὐκ
875 3710 915 3775 ἂν
937 3713 1100 3789 προῆλθεν
1123 3709 1308 3788 Ἐπίκουρος

163 3821 216 3884 ἐπὶ
237 3821 294 3898 τὴν
317 3819 444 3899 εοφίαν.

249 3971 296 4038 Of.
314 3974 422 4035 annot.
440 3971 480 4035 ad
495 3975 617 4058 scriptt.
641 3995 728 4037 num.
744 3974 765 4036 2
780 3973 849 4037 init.
887 3972 1116 4058 Fragmentum
1139 3972 1229 4035 valde
1252 3993 1308 4035 no-

164 4083 275 4166 tabile,
298 4085 410 4166 utpote
426 4082 516 4166 cujus
531 4083 700 4148 luculentis
717 4075 817 4167 ipsius
832 4083 982 4167 Epicurei
996 4082 1188 4147 nobilissimi
1202 4081 1308 4145 verbis

164 4191 202 4254 de
217 4193 321 4292 gratia
337 4192 519 4258 Democrito
540 4194 580 4262 ab
596 4193 760 4280 Epicureis
781 4193 891 4260 habita
906 4193 1055 4302 certiores
1070 4193 1192 4257 fiamus.
1227 4191 1308 4259 Ourn
