2956 4942
645 319 833 381 -7„.

165 490 344 555 veniuntur.
381 488 600 552 Metrodorum
615 508 689 550 vero
713 486 857 550 omnium
872 486 971 549 fuisse
986 485 1214 566 clarissimum,
1238 505 1310 548 cum

164 600 310 682 nonsit,
340 599 424 682 quod
452 599 589 682 amplius
617 597 876 680 comprobemus,
907 595 1072 659 Gassendo
1101 593 1310 677 astipulantes
1419 594 1421 598 ⁴

166 708 222 793 (cf.
246 708 285 772 de
307 707 386 792 vita,
410 709 550 772 moribus
574 711 605 771 et
627 707 773 771 doctrina
786 706 919 789 Epicuri
942 705 967 788 Ι,
983 705 1016 790 8)
1040 726 1107 768 non
1128 704 1227 768 alium
1248 703 1311 767 hoc

40 896 42 900 μ
164 820 235 884 loco
250 821 461 883 memoratum
476 821 634 901 putamus,
657 817 719 880 nisi
742 816 848 899 illum,
871 816 924 899 qui
947 814 1032 879 solus
1049 813 1161 878 ceteris
1184 813 1311 894 τφόδρα

164 930 344 1009 ἐλλογίμω(
360 927 547 1011 antecessit3
571 949 662 1009 nam,
685 927 739 1010 qui
751 927 843 1010 juxta
859 947 931 988 eum
946 925 1097 1008 leguntur
1112 923 1310 987 Timocrates

164 1042 196 1102 et
217 1036 355 1120 Sandes‚
384 1038 408 1100 ii
435 1037 532 1102 etiam
554 1038 720 1101 verborum
750 1036 1033 1100 conformationem
1055 1055 1184 1116 prorsus
1211 1034 1309 1097 inter-

163 1149 331 1231 rumpunt,
360 1169 439 1230 qua,
470 1168 550 1230 quae
578 1147 652 1210 inde
682 1146 722 1209 ab
751 1148 787 1212 ‘dc
810 1147 868 1226 ἀφ’
890 1144 929 1211 οὗ
958 1145 1150 1228 sequuntur,
1178 1143 1308 1206 omnino

164 1261 239 1321 sunt
259 1258 298 1320 de
320 1256 513 1320 Metrodoro.

179 1382 183 1387 ’
247 1367 372 1450 Nempe
394 1365 545 1430 Vossium
575 1367 629 1452 (de
651 1365 764 1432 histor.
787 1386 893 1449 graec.
918 1364 966 1429 ed.
990 1363 1160 1428 Westerm.
1183 1387 1215 1447 p.
1233 1363 1307 1446 108)

162 1477 271 1542 omnia
302 1476 434 1542 confuse
462 1478 704 1560 perturbantem
726 1477 819 1539 mitto
842 1496 901 1539 nec
923 1475 1023 1558 probo
1030 1522 1039 1557 ‚
1068 1474 1152 1556 quod
1174 1477 1249 1538 ante
1263 1474 1309 1538 dc

162 1587 220 1668 ἀφ’
242 1587 282 1652 οὗ
304 1586 496 1650 Meibomius
518 1587 564 1653 ὧν
592 1588 611 1650 ὁ
635 1589 691 1667 μὲν
715 1587 934 1666 Μητρόδωροτ
962 1584 1012 1648 vel
1034 1584 1136 1647 simile
1160 1583 1235 1666 quid
1257 1605 1308 1647 ex-

162 1696 276 1760 cidisse
304 1699 412 1779 putat,
447 1717 511 1779 qua
540 1697 723 1778 conjectura
749 1695 939 1759 Huebnerus
968 1696 1145 1757 commotus
1174 1695 1239 1775 est,
1272 1696 1309 1755 ut

162 1806 315 1870 asterisco
337 1807 485 1870 lacunam
506 1810 641 1870 notaret.
684 1805 783 1868 Recte
811 1805 919 1888 potius
943 1803 1125 1868 Gassendus
1148 1801 1307 1866 Oasaubo-

161 1938 255 1999 num,
283 1937 342 2000 pro
365 1917 533 1996 Ἀθηναῖον
557 1918 741 1979 censentem
763 1917 932 1994 Ἀθήναιον
954 1913 1125 1998 legendum
1148 1933 1231 1995 esse,
1260 1934 1307 1976 re-

161 2027 270 2089 futans
305 2047 408 2109 neque
445 2026 604 2090 Athenaei
640 2024 824 2109 philosophi
860 2023 1010 2107 Epicurei
1051 2043 1154 2106 neque
1192 2021 1307 2087 Sandis

161 2132 371 2219 Lampsaceni
389 2157 521 2218 usquam
537 2135 613 2199 alibi
636 2136 830 2199 mentionem
846 2134 914 2198 fieri
937 2133 1056 2196 docuit.
1093 2131 1307 2197 Timocratem

161 2267 236 2309 vero
258 2244 434 2309 Metrodori
456 2246 586 2308 fratrem
615 2267 633 2308 a
654 2245 800 2328 Diogene
828 2244 890 2308 hoc
917 2244 988 2307 loco
1018 2242 1052 2305 in
1075 2264 1207 2306 numero
1230 2241 1306 2326 Epi-

162 2377 327 2420 cureorum
355 2354 490 2418 maxime
516 2354 687 2417 illustrium
709 2354 835 2436 haberi,
862 2355 1035 2437 praeeunte
1059 2352 1224 2416 Gassendo
1252 2374 1306 2416 ne-

160 2487 282 2562 gamus.
319 2465 405 2530 Nam
427 2465 455 2528 si
476 2465 530 2528 ille
552 2468 679 2548 praeter
693 2464 913 2529 Metrodorum
935 2463 1032 2527 etiam
1055 2463 1134 2525 alios
1154 2462 1307 2526 voluisset

137 2554 339 2658 ¹Epicureos
371 2576 473 2639 claros
500 2596 681 2658 recensere,
715 2575 900 2658 priusquam
927 2572 1161 2637 Hermarchum
1189 2576 1221 2635 et
1247 2571 1306 2637 Po·

161 2685 309 2768 lyaenum
342 2684 521 2767 induceret,
560 2685 629 2748 sine
657 2684 753 2748 dubio
783 2683 939 2748 nonnulla
973 2683 1011 2746 de
1045 2704 1153 2746 eorum
1180 2683 1247 2746 vita
1274 2687 1307 2746 et

162 2796 310 2879 operibus
332 2794 539 2878 exposuisset.
562 2832 604 2841 -
625 2794 737 2878 Neque
759 2795 838 2857 mihi
853 2793 937 2877 quod
952 2793 1091 2858 Cobetus
1110 2792 1144 2856 in
1160 2792 1305 2875 exemplo

161 2927 218 2969 suo
242 2903 358 2990 (Paris.
382 2904 466 2987 apud
480 2904 578 2971 Firm.
594 2903 694 2968 Didot
715 2927 742 2968 a.
761 2904 844 2969 1850
866 2903 935 2967 sine
957 2903 1131 2966 lectionum
1153 2902 1305 2967 varietate

161 3015 263 3101 edito)
285 3014 516 3078 restituendum
537 3014 713 3097 praecepit:
738 3015 889 3093 Μαθητὰτ
911 3052 994 3058 --
1017 3014 1142 3093 (φόδρα
1165 3015 1193 3078 δ’
1213 3015 1304 3078 ἐλλο-

159 3127 270 3206 γίμου(
292 3124 310 3162 ‘¹‘
331 3126 500 3204 Ἀθηναῖον
529 3127 579 3188 καὶ
601 3124 797 3204 Τιμοκράτην
826 3125 877 3188 καὶ
905 3123 1126 3201 Μητρόδωρον
1149 3124 1305 3204 Λαμψακ.,

160 3236 196 3299 ὃ(
219 3235 276 3315 ἀφ’
298 3233 338 3299 οὗ
366 3237 429 3299 κτλ.
458 3233 642 3297 ullomodo
670 3232 788 3296 arridet
814 3232 1000 3315 videturque
1026 3232 1075 3295 vir
1103 3232 1304 3297 doctissimus

160 3366 249 3407 suam
271 3343 385 3427 ipsine,
409 3365 471 3426 qua
493 3346 530 3411 ὃ(
553 3366 624 3407 curn
649 3343 869 3422 Μητρόδωρον
893 3343 1109 3426 copularetur,
1136 3343 1230 3406 nobis
1253 3364 1304 3406 ex·

70 3496 78 3507 ‚
160 3452 302 3516 hibuisse
329 3453 496 3518 rationem.
541 3454 722 3538 Diogenem
751 3455 856 3516 autem
879 3452 1063 3516 Metrodoro
1086 3452 1166 3515 alios
1188 3434 1304 3534 Epicu-

159 3583 230 3626 reos
245 3563 446 3647 praemisisse
461 3564 592 3627 minime
608 3563 720 3646 claros,
735 3584 846 3646 parum
863 3564 912 3625 est
926 3561 1110 3644 verisimile,
1126 3583 1185 3625 nec
1201 3561 1304 3645 magis

160 3789 227 3862 δην.
271 3782 378 3866 Adde,
402 3783 487 3865 quod
508 3805 627 3847 nomen
641 3782 791 3866 Epicurei
814 3782 990 3866 cujuspiam
1013 3781 1208 3846 desideratur
1230 3784 1303 3845 ante
1344 3770 1352 3779 ⁸

65 3950 68 3955 .
160 3892 337 3973 Ἀθηναῖον.
383 3891 550 3966 Quaeritur
577 3875 690 3977 igitur,
724 3894 882 3976 quomodo
906 3892 999 3976 illud,
1034 3892 1118 3976 quod
1141 3892 1303 3976 Diogenes

160 4003 349 4085 exaraverit,
378 4023 416 4065 ex
443 4002 498 4085 iis,
529 4025 608 4086 quae
630 4003 727 4087 vulgo
755 4003 919 4086 leguntur,
948 4003 1016 4066 erui
1043 4001 1153 4086 possit.
1199 4000 1302 4064 Locus

159 4135 235 4177 sane
257 4112 401 4176 frmditus
429 4114 560 4176 sanatur
586 4113 709 4176 ratione
733 4111 904 4195 (lassandi,
934 4112 1040 4175 omnia
1068 4112 1152 4175 inter
1175 4112 1302 4191 Μητρό-

160 4228 267 4302 δωρον
289 4261 332 4270 -
353 4222 569 4302 Λαμψακηνόν
598 4222 787 4306 interposita
809 4221 1021 4306 expungenda
1043 4221 1242 4302 arbitrantis,
1269 4221 1302 4284 id

93 4396 96 4401 .
160 4331 243 4416 quod
266 4331 434 4416 Menagius
463 4335 495 4395 et
516 4331 677 4415 Stanlejus
705 4331 798 4416 (hist.
822 4331 936 4415 philos¹
960 4330 1056 4414 XIII,
1079 4331 1119 4415 8)
1147 4331 1301 4414 approba·
