2956 4942
639 300 919 365 -60—·

695 538 792 595 XXV.

324 674 414 739 Stob.
437 673 530 738 floril.
553 673 605 756 62,
627 672 678 737 44.

215 787 450 866 Μητρόδωρος·

255 897 387 963 Δοῦλοε
410 894 587 973 ἀναγκαῖον
609 896 667 976 μὲν
688 899 804 978 κτῆμα,
828 894 890 976 οὐχ
911 897 971 975 ἡδὺ
994 896 1037 960 δέ.

256 1115 304 1180 De
327 1115 478 1180 servitute
501 1114 576 1198 quid
591 1114 743 1198 Epicurei
765 1115 1032 1198 existimaverint,
1055 1116 1117 1181 hoc
1139 1117 1319 1201 fragmento

170 1227 357 1290 illustratur.
402 1224 451 1289 of.
468 1225 596 1308 Epicur.
620 1247 669 1308 ap.
686 1223 781 1309 Diog.
797 1225 900 1316 Laert.
917 1225 956 1308 X,
975 1227 1048 1290 118:
1073 1227 1148 1292 οὔτε
1170 1227 1318 1293 κολάεειν

172 1338 310 1420 οἰκέτατ,
344 1338 468 1415 ἑλεῆεαι
496 1334 604 1415 μέντοι
631 1338 682 1400 καὶ
709 1337 897 1415 (υγγνώμην
931 1337 992 1402 τινὶ
1019 1337 1099 1404 ἕξειν
1127 1342 1192 1403 τῶν
1222 1358 1317 1403 (που-

171 1446 281 1512 δαίων.
325 1436 500 1528 Epicur'um
530 1467 601 1510 cum
629 1445 728 1510 servis
756 1445 858 1510 amice
886 1446 1002 1511 vixisse
1030 1446 1192 1530 Diogenes
1220 1445 1319 1509 tradit

171 1553 211 1638 X,
229 1555 283 1620 10:
306 1555 388 1635 πρό(
410 1577 444 1620 τε
467 1557 544 1621 τοὺ(
567 1557 691 1621 οἰκέτα(
711 1556 882 1640 ἡμερότης,
907 1558 951 1622 ὡ(
968 1561 1068 1636 δῆλον
1091 1556 1150 1622 κάκ
1164 1561 1230 1623 τῶν
1252 1562 1318 1622 δια-

171 1669 279 1744 θηκῶν
307 1665 419 1731 αὐτοῦ.
464 1665 515 1730 Of.
538 1665 583 1748 X,
613 1665 653 1728 21
675 1666 729 1729 fin.
774 1665 944 1730 Praeterea
969 1665 1176 1730 Philodemus
1204 1665 1243 1730 de
1271 1666 1320 1730 ira

171 1775 230 1840 col.
244 1775 285 1839 23
297 1797 361 1859 seq.
381 1775 527 1840 dominos
542 1775 619 1839 dicit
639 1797 747 1840 servos
761 1776 844 1840 male
861 1778 1036 1840 tractantes
1049 1798 1202 1862 magnum
1217 1775 1319 1840 aditu·

48 1930 52 1937 ·
170 1906 222 1948 ros
246 1905 314 1949 esse
336 1885 522 1968 periculum.
546 1884 594 1950 Of.
611 1885 710 1968 ejusd.
727 1886 844 1950 librum
867 1886 905 1950 de
920 1886 989 1950 vitt.
1005 1887 1130 1966 virtutt.
1148 1907 1260 1970 oppos.
1283 1885 1318 1949 in

172 1993 207 2059 0.
230 1994 265 2059 Ρ.
288 1994 339 2059 ΙΙΙ
362 1995 434 2060 coll.
457 1995 477 2060 9
500 1999 531 2059 et
555 1996 604 2060 10.
647 1995 754 2060 Verba
777 1996 954 2074 ἀναγκαῖον
977 2001 1077 2077 κτῆμα
1098 1995 1318 2061 Metrodorum

171 2104 334 2169 declarant
349 2105 387 2169 de
398 2106 469 2190 jure
485 2108 540 2169 aut
554 2104 671 2188 injuria
686 2105 847 2170 servitutis
862 2128 929 2169 non
945 2105 1132 2170 dissensisse
1147 2128 1166 2169 a
1180 2105 1317 2171 Platen'e

171 2218 204 2278 et
229 2215 419 2298 Aristotele,
449 2215 504 2299 qui
526 2222 651 2279 servum
679 2218 773 2280 vocat
800 2217 949 2296 ἔμψυχον
977 2215 1135 2300 ὄργανον,
1164 2216 1266 2298 κτῆμά
1289 2239 1318 2282 τι

170 2326 328 2406 ἔμψυχον.
371 2324 447 2388 Eth.
475 2323 600 2389 Nicom.
632 2325 761 2410 1161b3
790 2325 829 2389 dc
856 2347 923 2410 rep.
954 2325 1069 2390 laert
1092 2347 1156 2410 seq.
1202 2326 1318 2392 Servus

171 2437 220 2498 est
239 2436 358 2498 malum
379 2431 607 2518 necessarium,
631 2436 690 2515 οὐχ
706 2437 765 2515 ἡδὺ
782 2437 833 2519 δέ,
855 2457 930 2499 nam
952 2435 1097 2500 miseruit
1119 2458 1228 2501 eorum
1249 2435 1318 2520 phi·

170 2545 322 2628 losophos
355 2544 461 2609 minus
495 2566 606 2628 aspere
640 2545 823 2609 sentientes.
878 2545 927 2610 Of.
959 2544 1138 2610 Philemon.
1168 2546 1317 2631 fragmm.

169 2675 242 2739 pag.
259 2653 331 2718 364.
347 2654 411 2718 410
425 2654 575 2738 Meinek,
600 2654 730 2719 Becker.
748 2653 891 2721 Oharikl.
908 2653 1041 2719 Excurs.
1060 2655 1131 2739 VII,
1153 2656 1218 2738 ubi,
1241 2656 1318 2739 quid

170 2768 293 2828 veteres
316 2763 355 2827 de
377 2764 529 2828 servitute
547 2764 776 2848 judicaverint,
799 2766 869 2830 fuse
892 2765 1078 2850 explicatur.

687 2985 799 3041 xxm.
914 2968 921 2983 ‘

322 3118 483 3183 Plutarch.
508 3119 545 3183 de
568 3123 671 3204 tranq.
695 3144 746 3185 an.
769 3122 832 3185 476
848 3120 884 3187 Ο.

256 3230 292 3295 ‘0
320 3235 401 3306 γοῦν
430 3229 546 3296 εἰπὼν·
576 3234 844 3313 προκατείλημμαί
872 3254 921 3314 (ε,
949 3232 976 3296 ὧ
1004 3233 1100 3315 τύχη,
1133 3235 1185 3297 καὶ
1212 3239 1316 3299 untur

170 3341 228 3419 τὴν
253 3338 495 3424 (ὴν-ἀφῄρημαι
518 3342 726 3421 παρείτουτιν.

256 3447 421 3514 Convertit
436 3447 513 3513 haec
534 3449 569 3514 in
583 3450 733 3515 Latinum
749 3449 860 3515 Cicero
875 3450 1014 3515 Tuscull.
1031 3450 1144 3536 Dispp.
1161 3450 1202 3534 V,
1219 3451 1249 3536 9,
1266 3452 1318 3536 27,

171 3558 286 3624 additis
302 3561 410 3623 tamen
430 3560 610 3643 nonnullis,
634 3583 715 3645 quae
732 3560 852 3626 Graece
867 3582 933 3625 non
949 3564 1073 3625 servata
1088 3565 1177 3626 sunt:
1201 3612 1219 3645 „
1227 3561 1318 3638 Quod

170 3669 254 3733 idem
275 3650 460 3732 melioribus
482 3668 587 3733 verbis
609 3669 827 3735 Metrodorus:
856 3670 1017 3754 Oc'eupavi
1039 3673 1087 3755 te,
1110 3671 1231 3755 inquit,
1253 3672 1317 3737 for·

169 3782 261 3862 tuna,
290 3781 384 3862 atque
411 3779 481 3863 cepi
503 3801 676 3864 omnesque
697 3780 801 3846 aditus
823 3784 896 3846 tuos
924 3782 1103 3865 interclusi,
1132 3786 1169 3847 ut
1197 3767 1317 3847 adme

171 3889 311 3972 aspirare
332 3909 398 3952 non
419 3911 529 3973 posses
537 3892 565 3956 “.

255 4103 381 4169 Nonius
413 4127 438 4170 s.
466 4128 495 4170 v.
527 4155 547 4189 „
556 4124 711 4187 occupare
719 4104 740 4139 “
773 4104 995 4189 corrigendus,
1032 4107 1144 4191 utpote
1173 4105 1316 4170 scribens

169 4215 386 4299 „occupavit“,
409 4216 494 4300 quod
516 4214 622 4280 verbis
644 4216 913 4296 προκατείλημμαί
936 4237 968 4282 τε
991 4215 1152 4280 evertitur.
1196 4214 1317 4279 Moseri

171 4326 354 4409 conjectura
375 4327 531 4411 „possis“,
552 4345 612 4409 pro
633 4327 786 4408 „posses“
807 4324 921 4390 inanis.
