2956 4942
639 329 845 395 „52-

227 525 229 528 ’
252 496 400 564 Ridicula
427 499 599 583 eademque
634 502 796 564 auctorem
825 500 909 589 clarc
936 500 1075 583 prodens
1103 499 1235 583 Epicuri
1266 498 1324 564 ad·

166 609 342 673 versarium
371 609 467 674 lectio
496 613 545 673 est
572 612 671 676 κακὸν
694 611 747 676 ἐπὶ
768 613 876 676 κακοῑε
906 609 989 696 (vid.
1013 609 1121 673 Reisk.
1145 608 1184 673 ad
1206 609 1237 674 h.
1264 610 1320 698 1.).

167 718 217 783 De
239 718 408 784 Timarcho
432 720 472 783 cf.
496 719 621 802 scriptt.
645 720 799 784 numid.
844 718 1045 783 Vocabulum
1067 722 1250 801 θεόφαντα(
1273 721 1321 784 vi-

168 829 259 894 detur
287 852 305 893 a
327 829 509 895 Metrodoro
533 830 745 912 compositum
768 851 853 911 esse,
882 832 967 893 certe
989 851 1147 912 nusquam
1169 830 1246 893 alibi
1270 832 1321 895 in-

165 940 301 1004 venitur.
352 942 463 1021 Ὅμως
491 943 616 1024 spectat
649 940 689 1002 ad
716 938 849 1022 Epicuri
884 939 1076 1003 sententiam
1103 939 1198 1003 modo
1224 944 1320 1005 ante-

165 1071 325 1134 gressum:
354 1052 418 1128 ἑγὼ
448 1051 476 1116 δ’
498 1050 551 1132 ἐφ’
578 1051 701 1128 ἡδονὰε
729 1054 870 1130 ευνεχεῑε
897 1055 1072 1130 παρακαλῶ
1100 1053 1151 1115 καὶ
1178 1052 1238 1116 οὐκ
1267 1052 1321 1116 ἐπ’

166 1161 282 1243 ἀρετὰ(
309 1149 404 1227 κεκὰε
431 1161 481 1226 καὶ
509 1161 643 1241 ματαία(
671 1161 909 1241 ἢταραχώδειε
937 1162 1072 1241 ἐχούεαε
1094 1165 1160 1236 τῶν
1183 1167 1319 1242 καρπῶν

164 1271 222 1337 τάκ
250 1272 391 1337 ἐλπίδας.
442 1267 502 1334 Cui
530 1290 668 1352 quanam
697 1270 821 1333 ratione
849 1268 1039 1333 Plutarchus
1068 1270 1195 1333 obstare
1224 1274 1320 1354 putet

166 1380 287 1444 dictum
302 1379 493 1463 Metrodori,
522 1378 668 1462 equidem
690 1401 756 1442 non
779 1379 923 1463 dispicio
960 1379 1103 1443 Virtutes
1126 1380 1237 1444 inanes
1261 1403 1319 1445 eae

167 1493 257 1573 sunt,
280 1489 450 1572 inquibus
473 1487 555 1553 nihil
577 1489 676 1571 inest,
699 1490 783 1574 quod
806 1490 846 1553 ad
863 1490 1004 1573 corporis
1025 1491 1222 1573 voluptatem
1245 1513 1320 1574 per-

165 1600 275 1664 tineat.
320 1599 522 1663 Metrodorus
550 1598 669 1662 bonum
698 1586 845 1663 omnibus
868 1600 961 1663 bonis
987 1600 1193 1685 pulchrisque
1219 1601 1318 1666 rebus

165 1713 331 1794 praestans
362 1712 455 1792 atque
483 1709 591 1772 omnia
614 1710 783 1773 continens
805 1696 974 1774 Timarcho
998 1710 1129 1793 Epicuri
1156 1711 1318 1775 rationem

166 1820 372 1884 beatitudinis
402 1818 625 1908 adipiscendae
646 1820 751 1882 verbis
775 1841 850 1882 sane
873 1841 968 1903 quam
995 1820 1125 1884 tumidis
1154 1842 1317 1885 commen·

166 1930 230 1996 dat.
275 1931 515 2011 Ὁμοιοπὰθειαι
543 1928 664 1993 similes
686 1932 761 1993 sunt
783 1929 914 1993 affectus
937 1932 1030 2013 atque
1053 1931 1184 2013 Epicuri
1214 1935 1317 1995 secta—

165 2044 288 2124 torum,
331 2061 466 2124 quorum
502 2040 651 2122 princeps
688 2040 756 2122 ipse
793 2038 994 2104 Metrodorus
1032 2041 1237 2105 Timarchum
1275 2043 1318 2106 ad

131 2141 139 2156 ⁰
165 2151 336 2214 affectuum
352 2150 607 2213 communionem
621 2152 765 2232 revocat,
788 2153 900 2232 utpote
923 2172 1017 2233 quae,
1041 2151 1129 2234 quasi
1151 2152 1316 2236 mysteria,

84 2250 87 2255 ’
165 2260 262 2344 vulgo
277 2260 413 2343 profano
430 2259 472 2322 sit
486 2259 661 2343 incognita.
689 2258 814 2344 Vulgus
831 2260 919 2345 degit
933 2264 1029 2341 χαμαὶ
1045 2265 1129 2344 βίον,
1152 2282 1203 2325 res
1219 2283 1316 2344 quae-

165 2370 208 2433 rit
229 2391 326 2433 vanas
354 2369 514 2453 sentitque
536 2368 699 2432 humiliter
728 2369 938 2452 (χαμαίζηλον
953 2364 1084 2435 Isocrat.
1102 2371 1193 2454 epist.
1209 2371 1262 2456 10)
1289 2373 1315 2457 ).

166 2479 280 2544 Verbis
303 2481 453 2560 ὄργια-
470 2481 514 2545 ὼε
537 2481 664 2559 ἀληθῶε
685 2481 851 2560 θεόφαντα
865 2480 1042 2563 Epicureus
1064 2479 1208 2544 homines
1230 2481 1317 2544 ridet

165 2590 445 2673 superstitionibus
470 2590 641 2674 obnoxios3
669 2591 804 2654 fortasse
827 2592 909 2674 ipse,
933 2612 1026 2673 quem
1049 2590 1235 2682 alloquitur,
1261 2591 1315 2655 Ti-

164 2698 313 2764 marchus
341 2700 497 2782 ejusmodi
524 2722 558 2763 se
587 2699 717 2764 dederat
742 2699 961 2784 religionibus
1006 2699 1085 2764 Oum
1113 2722 1190 2764 voce
1218 2701 1316 2779 ὄργια

165 2808 249 2872 haud
271 2830 342 2872 raro
366 2810 553 2892 ampliorem
576 2810 844 2893 significationem
866 2811 1062 2875 adsciscente
1085 2810 1201 2874 collata
1215 2810 1315 2874 velim

164 2919 319 3004 neglectis
354 2920 425 2983 aliis
455 2919 533 2983 locis
568 2920 664 2983 verba
692 2920 789 2984 Marc.
820 2922 940 2984 Anton.
969 2918 1032 3003 Ill,
1062 2921 1096 2983 7:
1135 2920 1228 3000 ὄργια
1256 2925 1315 2999 τῆς

164 3030 289 3110 ἀρετῆε.
1290 3041 1296 3050 ’

704 3141 770 3198 XV.

317 3240 405 3306 Stob.
429 3241 521 3305 floril.
548 3243 617 3323 116,
638 3243 690 3306 42.

208 3352 441 3443 Μητρόδωρος·

249 3464 296 3528 Οὐ
325 3467 485 3543 μακαριεῑε
512 3466 571 3530 τὸν
597 3465 736 3545 γέροντα
765 3466 833 3530 καθ’
861 3465 939 3530 δεον
966 3466 1134 3547 γηράεκων
1161 3467 1310 3550 τελευτᾷ·

164 3574 235 3639 ἀλλ’
257 3573 286 3638 εἰ
300 3576 368 3638 τοῖε
391 3572 524 3650 ἀγαθοῑε
547 3576 826 3655 ευμπεπλήρωται·
850 3576 944 3641 ἕνεκα
964 3577 1026 3654 γὰρ
1048 3576 1169 3655 χρόνου
1191 3576 1313 3642 πάντες

163 3685 255 3763 ἐεμὲν
278 3683 388 3763 ἄωροι.

248 3834 311 3898 Pro
334 3836 436 3915 ἄωροι
458 3836 555 3920 vulgo
579 3836 745 3920 legebatur
766 3838 903 3920 ἄδωροι,
927 3837 1012 3920 quod
1034 3838 1130 3902 etiam
1148 3838 1312 3903 Gesnerus

145 4154 146 4157 η
231 4119 254 4185 ¹¹)
274 4115 314 4170 Of.
326 4115 436 4171 Platon.
448 4115 605 4186 Euthyphr.
627 4122 657 4169 14
669 4116 707 4168 D:
726 4119 810 4184 χαμαὶ
829 4118 1186 4187 reconciliatoriam.
1217 4114 1312 4172 Schol.

163 4200 199 4254 ad
217 4200 244 4254 h.
254 4200 272 4253 l.
291 4199 404 4253 Pindar.
422 4201 502 4254 Nem.
522 4200 567 4265 IX,
585 4208 613 4255 7:
633 4203 668 4266 μὴ
689 4204 772 4268 χαμαὶ
791 4208 851 4270 (qq
869 4205 1004 4268 καλύψαι·
1029 4202 1160 4258 θεεπεεία
1177 4204 1202 4255 δ’
1213 4203 1312 4257 ἐπέων

163 4315 195 4323 -
214 4286 301 4340 ἀοιδά.
339 4285 456 4352 Saepius
475 4284 551 4352 apud
569 4285 718 4352 scriptores
735 4287 919 4351 recentiores,
938 4287 1013 4340 inter
1031 4303 1101 4354 quos
1114 4286 1178 4341 Vct.
1196 4287 1226 4340 ct
1237 4286 1311 4341 Nov.

162 4368 297 4434 Tectam,
315 4371 350 4422 τὸ
368 4370 452 4436 χαμαί
470 4368 617 4436 reperitur.
653 4370 716 4422 Vid.
735 4371 831 4438 Steph.
849 4371 930 4429 Thes,
