2956 4942
642 276 768 362 —et
812 337 853 346 ..

175 469 318 532 videatur
341 468 381 532 ad
397 468 516 532 bonum
539 467 758 552 efficiendum,
780 467 842 532 hoc
856 468 1011 552 placitum
1033 491 1105 532 cum
1119 470 1175 533 illo
1191 470 1323 554 Epicuri

174 578 258 662 apud
287 578 465 662 Diogenem
496 577 541 661 X,
568 578 641 642 139:
676 579 753 658 door
781 584 839 644 τοῦ
869 580 1023 660 μεγέθους
1052 586 1117 646 τῶν
1145 582 1276 660 ἡδονῶν
1301 583 1321 660 ἡ

173 689 295 754 παντὸς
316 695 375 753 τοῦ
398 688 579 765 ἀλγοῦντος
602 689 796 767 ὑπεξαίρεει(
818 689 873 771 (cf.
897 710 981 772 supr.
998 688 1156 774 ὑπεξίῃλ),
1178 712 1321 775 pugnare

173 798 303 880 dixerit,
326 798 380 862 ille
395 798 513 881 duplex
533 798 672 882 negligit
693 820 795 882 genus
810 798 985 880 voluptatis
1007 798 1128 863 bonum
1151 799 1320 863 efficientis

175 906 236 992 (cf.
265 906 412 990 Epicur:
441 908 520 987 αὕτη
554 909 695 990 tortor
723 945 766 956 —-
793 909 921 988 detdic
958 908 1150 994 ἐπιβάλλῃ
1185 894 1321 1014 ducitur

174 1017 328 1104 (ταθῇ),
359 1039 496 1101 namque
517 1016 570 1080 hic
592 1018 698 1102 agitur
720 1018 759 1082 de
780 1019 944 1101 voluptate
972 1019 1007 1082 in
1029 1022 1134 1101 motu,
1162 1041 1224 1103 qua
1246 1041 1319 1084 con·
1443 1049 1444 1052 ¹

172 1127 314 1190 tinentur
340 1129 423 1207 χαρά
451 1131 483 1191 et
505 1128 699 1209 εὐφροεύνη.
745 1126 897 1192 Cessante
925 1150 1000 1192 vero
1028 1149 1122 1192 causa
1151 1133 1254 1193 cessat
1275 1130 1319 1193 ef-

163 1236 289 1321 ¹fectus:
312 1237 478 1301 deficiente
500 1237 600 1321 igitur
614 1237 760 1301 molestia
781 1241 874 1320 atque
889 1238 1021 1302 tristitia
1035 1238 1143 1302 deficit
1157 1238 1318 1322 gaudium,

172 1347 257 1428 quod
288 1368 326 1409 ex
353 1346 424 1410 istis
456 1342 581 1411 evitatis
609 1347 723 1411 evadit.
773 1347 881 1430 Unde,
911 1369 973 1430 quo
1001 1351 1095 1431 pacto
1117 1348 1318 1413 Metrodorus

171 1456 291 1519 bonum
314 1458 348 1520 in
363 1457 441 1541 fuga
462 1457 539 1520 mali
559 1459 717 1540 posuerit,
739 1457 834 1521 facile
849 1459 992 1541 patescit.
1037 1458 1209 1542 Perperam
1231 1460 1319 1523 deni·

172 1588 232 1649 que
255 1566 366 1631 Cicero
397 1588 554 1631 summam
581 1568 777 1651 voluptatem
798 1567 973 1651 Epicurum
1000 1569 1103 1652 ipsam
1129 1570 1205 1633 mali
1233 1591 1320 1632 amo·

171 1677 293 1740 tionem
317 1678 477 1741 censuisse
500 1679 650 1761 opinatur
672 1678 711 1741 de
725 1678 813 1742 finib.
837 1678 862 1761 l,
881 1681 929 1742 ll.
952 1677 994 1762 M,
1009 1680 1039 1743 3.
1070 1677 1120 1743 Of.
1135 1679 1316 1743 Nemesion.

171 1785 209 1849 de
231 1789 295 1869 nat.
318 1786 403 1851 hom.
428 1789 468 1852 18
491 1791 523 1852 et
544 1787 679 1852 Metrod.
703 1788 823 1871 scriptt.
847 1810 934 1852 num.
953 1792 1000 1852 14.

724 1941 759 1997 V.

322 2042 432 2107 Senec.
456 2043 548 2127 epist.
572 2039 688 2127 XCIX,
710 2044 762 2122 22,

254 2150 359 2235 „lllud
381 2153 469 2218 nullo
491 2154 587 2217 modo
609 2154 725 2238 probo,
754 2154 838 2237 quod
860 2155 906 2218 ait
927 2153 1145 2238 Metrodorus,
1168 2176 1237 2220 esse
1259 2155 1315 2219 ali-

169 2282 263 2344 quam
287 2268 456 2348 cognatam
473 2265 621 2329 tristitiae
636 2265 849 2347 voluptatem:
871 2264 955 2328 hanc
977 2287 1045 2329 esse
1069 2266 1259 2348 captandam
1280 2267 1315 2329 in

169 2373 324 2455 ejusmodi
346 2377 500 2458 tempore.
543 2374 619 2458 Ipsa
639 2373 815 2438 Metrodori
838 2375 933 2439 verba
954 2375 1143 2459 subscripsi:

254 2485 477 2565 Μητροδώρου
500 2483 678 2551 ἐπιετολ.α’
700 2493 764 2552 τῶν
787 2487 869 2564 πρὸ(
884 2488 941 2564 τὴν
965 2485 1125 2567 ἀδελφήν·
1148 2486 1231 2553 ἔετιν
1253 2488 1314 2571 γάρ

167 2617 213 2659 τι(
240 2595 341 2676 ἡδονὴ
369 2603 407 2680 τῇ
437 2597 521 2682 λύττῃ
551 2597 716 2676 τυγγενήε·
749 2597 921 2676 θηρευτέον
948 2598 1065 2676 ταύτην
1095 2599 1175 2662 κατὰ
1195 2602 1327 2664 τοῦτον·

167 2707 226 2771 τὸν
249 2708 391 2786 corpora
1252 2786 1255 2792 ι

252 2815 300 2882 Of.
317 2821 337 2897 ξ
352 2818 410 2882 25:
433 2816 515 2901 „Est
529 2817 650 2900 aliqua,
673 2816 792 2900 inquit,
814 2817 962 2900 voluptas
978 2821 1116 2901 cognata
1130 2817 1310 2881 tristitiae“.

252 3004 450 3087 Apparatum
470 3004 615 3067 criticum
630 3003 669 3067 ad
684 3003 715 3068 h.
731 3004 752 3067 l.
774 3024 969 3088 magnopere
983 3006 1131 3067 vexatum
1146 3003 1311 3068 Fickertus

167 3114 355 3196 composuit.
399 3113 439 3177 In
461 3114 639 3178 aliisenim
663 3113 752 3179 codd.
769 3114 866 3178 verba
886 3134 1002 3198 graeca
1023 3113 1154 3177 omnino
1170 3135 1234 3177 non
1259 3136 1310 3178 ex-

167 3227 273 3307 stant,
295 3225 329 3288 in
345 3225 416 3287 aliis
430 3225 548 3308 partim
563 3225 687 3289 litterae
702 3225 814 3288 inanes
835 3224 1051 3307 reperiuntur,
1074 3246 1151 3307 quas
1166 3225 1201 3288 in
1215 3224 1311 3288 verba

166 3335 292 3419 integra
314 3337 507 3400 commutare
531 3334 700 3420 Gruterus,
724 3335 918 3420 Scaligerus,
943 3334 1202 3419 Dalechampius,
1231 3334 1311 3400 Gro-

165 3447 294 3529 novius,
330 3445 384 3509 alii
411 3446 531 3510 frustra
559 3447 665 3510 conati
693 3449 783 3529 sunt,
820 3445 937 3530 partim
969 3437 1083 3508 saltem
1109 3444 1206 3509 verba
1232 3448 1312 3511 κατὰ

166 3562 284 3622 τοῦτον
299 3559 357 3622 τὸν
373 3558 484 3646 καιρόν
507 3540 584 3621 satis
607 3556 688 3620 bene
711 3559 835 3619 servata
857 3558 940 3618 sunt.
985 3553 1159 3619 Claiiorem
1181 3554 1310 3619 tandem

164 3665 268 3729 lucem
289 3665 363 3729 huic
385 3667 456 3730 loco
480 3668 656 3731 attulerunt
678 3666 767 3730 codd.
783 3664 953 3750 Bamberg.
977 3668 1010 3729 et
1030 3665 1202 3750 Argentor.
1226 3688 1254 3747 a,
1277 3669 1309 3729 et

164 3777 186 3838 ii
202 3777 329 3860 quidem
344 3777 566 3861 antiquissimi.
596 3776 635 3840 In
651 3777 764 3860 quibus
779 3776 858 3840 haec
871 3775 1008 3860 legimus
1025 3777 1308 3842 ΜΗΤΡΟΔΩΡΟΥ

163 3888 410 3955 ΕΠΙΕΤΟΛΑΩΝ
433 3890 535 3954 ΤΡΟ(
554 3888 634 3954 ΤΗΝ
657 3888 848 3953 ΑΔΕΛΦΗΝ
871 3888 979 3953 Ε(ΤΙΝ
1003 3887 1306 3952 ΓΑΡΤΙθίΗΔΟΝΗ

162 4001 224 4065 ΑΙΚ
245 3999 406 4065 ΥΠΗΕΟ
427 4000 568 4064 ΥΤΤΕΙΝ
594 3999 693 4063 ΚΑΤΑ
715 3999 879 4064 ῘΟΥΤΟΝ
896 3999 976 4064 ΤΟΝ
995 3997 1159 4062 ΚΑΤΡΟΝ.
1189 3996 1307 4060 Mirum

163 4131 256 4193 sane,
279 4110 362 4193 quod
385 4109 481 4175 verba
499 4110 721 4189 Μητροδώρου
738 4147 776 4154 -
794 4111 941 4190 ἀδελφήν
964 4106 1154 4171 exhibentur
1176 4104 1306 4202 Graece.

162 4220 208 4282 At
227 4221 363 4285 fortasse
380 4220 500 4286 Seneca
521 4219 640 4283 dictum
660 4218 815 4284 aGraeco
838 4219 974 4302 quodam
996 4218 1151 4302 scriptore
1174 4217 1305 4281 citatum

162 4330 338 4413 descripsit.
363 4330 425 4396 Sed
441 4331 560 4408 adrem
570 4330 652 4394 nihil
667 4331 809 4394 interest.
833 4329 897 4393 Diu
907 4351 981 4392 vero
997 4329 1194 4410 multumque
1209 4327 1304 4391 lectio
