2956 4942
632 331 840 397 .,ροἐ

164 499 232 568 vitt.
249 500 335 568 virtt.
353 523 464 588 oppos.
481 503 517 569 O.
532 503 568 568 P.
592 503 640 566 III
664 503 796 584 00112,
819 503 873 589 al.)
881 552 890 587 ,
913 523 948 566 se
971 505 1078 567 tamen
1101 501 1195 586 longe
1219 498 1320 565 aliter

164 617 258 699 atque
280 617 385 678 sectae
406 614 568 698 principes
591 613 629 676 de
652 611 805 697 sophistis
827 613 946 677 sentire
968 613 1135 696 profitetur
1158 610 1192 676 Ο.
1208 612 1248 674 Α.
1264 610 1311 674 IV

163 746 237 809 pag.
255 725 297 788 93
318 756 360 778 =
383 720 441 788 O'x.
457 722 491 787 II
511 745 584 807 pag.
604 724 680 787 101:
704 723 735 788 οἱ
757 725 793 788 δὲ
815 726 874 802 τὴν
896 725 1016 802 uterus
1038 723 1198 788 κτίεαντεε
1219 722 1312 803 ἡμῶν

83 815 87 822 ’
163 835 409 917 ἀντιφωνοῦειν.
453 832 546 918 (Vid.
571 854 651 916 quae
680 833 720 896 ad
742 832 918 897 Metrodori
945 835 1027 913 apte
1055 835 1131 898 rote
1160 833 1311 914 εοφιετὰε

163 944 281 1009 librum
304 943 445 1029 collegi.)
483 942 534 1007 Ne
556 943 685 1028 longior
706 942 854 1006 evaderet
875 942 1047 1027 expositio,
1071 963 1124 1005 eos
1147 941 1313 1004 dumtaxat

162 1055 267 1138 locos,
297 1053 411 1138 quibus
440 1053 590 1117 distincte
617 1055 746 1117 notatur
774 1052 967 1134 differentia,
996 1052 1103 1134 attuli,
1132 1051 1211 1115 alias
1239 1071 1312 1114 ere

163 1164 234 1247 ipsa
257 1166 487 1247 consequentes
509 1162 738 1246 discrepantias
753 1162 807 1226 hie
828 1162 1086 1246 praetermittens
1097 1162 1140 1245 ¹¹¹).
1177 1161 1314 1245 Propter

163 1295 284 1340 meram
318 1295 392 1338 vero
426 1273 584 1337 sentiendi
620 1272 811 1337 discordiam
843 1295 860 1336 e
889 1270 999 1337 schola
1025 1270 1184 1355 Epicurea
1217 1293 1311 1335 nemo

164 1384 311 1448 discessit
337 1386 464 1467 praeter
486 1381 702 1447 Metrodorum
725 1381 1010 1463 Stratonicensem,
1034 1380 1087 1464 qui
1115 1380 1311 1445 010011100-

164 1493 237 1557 dem
260 1492 392 1576 defecit,
416 1514 510 1556 cause
532 1492 659 1576 quidem
681 1493 743 1576 ipsi
765 1491 905 1576 Diogeni
928 1491 981 1577 (X,
998 1491 1032 1575 9)
1055 1511 1121 1554 non
1142 1490 1237 1573 plane
1258 1512 1312 1575 pa-

44 1666 47 1670 .
95 1653 99 1661 ,
165 1606 263 1667 tente.
301 1602 382 1667 Rem
397 1603 575 1667 accuratius
591 1603 757 1686 sciremus,
773 1603 800 1666 si
815 1603 1030 1687 fragmentum
1044 1600 1160 1664 incerti
1175 1601 1312 1664 auctoris

165 1713 199 1778 O.
223 1714 263 1778 A.
287 1712 321 1776 II
341 1735 414 1798 pag.
433 1712 493 1779 185
510 1734 595 1796 seqq.
625 1713 659 1777 in
681 1713 841 1798 integrum
863 1713 1046 1777 restitutum
1069 1714 1161 1775 esset.
1206 1710 1312 1775 Verba

165 1825 236 1908 βίου
265 1825 461 1907 μεταλλαγὴ,
490 1824 573 1887 sicut
593 1823 724 1887 nomina
745 1821 919 1887 Metrodori
947 1825 979 1886 et
1000 1821 1189 1903 Carneadis,
1217 1842 1312 1903 quam

163 1934 349 2018 saepissime
378 1934 567 2001 invenimus.
611 1932 690 2018 Pag.
716 1933 775 1998 187
799 1933 949 2018 leguntur
971 1954 1049 2015 uno,
1078 1935 1114 1995 ut
1136 1932 1240 2014 ajunt,
1265 1933 1310 1994 te-

162 2064 256 2109 nore:
285 2045 505 2124 Μητρόδωρο(
526 2046 563 2109 δὲ
585 2044 603 2108 ὁ
628 2044 852 2123 (τρατονικεὺε
876 2045 973 2124 μέγα(
995 2045 1047 2107 καὶ
1070 2043 1127 2125 βίῳ
1150 2044 1201 2107 καὶ
1222 2042 1311 2126 λόγῳ

162 2156 308 2231 γεγονώ(
330 2153 386 2239 (of.
410 2152 559 2238 Spengel.
582 2152 740 2238 Philolog.
764 2153 783 2216 l.
808 2174 835 2217 c.
858 2173 930 2236 pag.
945 2153 1031 2237 535).

246 2264 320 2328 Jam
354 2262 399 2326 de
420 2262 595 2327 Metrodori
628 2263 759 2346 ingenio
790 2262 947 2346 explicare
975 2239 1068 2325 irobis
1104 2262 1310 2346 pergentibus

163 2373 301 2439 occurrit
322 2373 412 2437 Iocus
428 2371 566 2437 Senecae
582 2373 674 2456 epist.
690 2372 765 2455 LII,
789 2373 881 2455 unde,
900 2363 980 2455 ⁸quid
1003 2371 1041 2434 de
1064 2372 1219 2454 discipulo
1242 2372 1311 2454 ipse

158 2483 351 2568 judicaverit
365 2482 537 2566 Epicurus,
561 2482 720 2546 discimus
751 2482 877 2547 Dixisse
892 2484 1081 2567 magistrum
1101 2481 1311 2567 philosophus

164 2592 279 2674 refert,
308 2592 460 2675 quosdam
483 2592 521 2655 ad
544 2593 710 2655 veritatem
734 2593 802 2655 sine
824 2592 920 2656 ullius
943 2593 1098 2676 adjutorio
1121 2591 1311 2656 contendere

163 2708 197 2766 et
217 2702 321 2766 facere
344 2701 405 2765 sibi
426 2703 514 2785 ipsos
536 2701 620 2765 viam
642 2701 841 2785 maximeque
864 2701 953 2765 illum
975 2701 1034 2764 hos
1056 2702 1214 2780 laudasse,
1244 2702 1310 2785 qui-

163 2812 223 2875 bus
258 2833 295 2875 ex
323 2833 357 2876 se
390 2813 528 2895 impetus
560 2811 671 2894 fuerit,
705 2811 759 2894 qui
787 2833 821 2876 se
848 2812 910 2895 ipsi
937 2813 1138 2894 protulerint.
1189 2811 1310 2886 Quibus

163 2921 268 2987 verbis
292 2921 482 3007 succedunt:
509 2921 691 3005 „quosdam
712 2922 857 3007 indigere
883 2899 942 3005 ope
965 2922 1083 3005 aliena,
1111 2943 1178 2986 non
1200 2922 1309 3003 1111100,

163 3033 191 3096 01
212 3054 306 3097 nemo
328 3033 553 3115 praecesserit,
576 3033 631 3098 s'ed
652 3034 733 3098 bene
756 3035 932 3097 secuturos:
961 3053 999 3095 ex
1020 3031 1071 3095 his
1093 3031 1310 3096 Metrodorum

163 3143 210 3207 ait
224 3163 309 3226 esse,
332 3143 497 3227 egregium
512 3141 575 3208 hoo
590 3165 730 3227 quoque,
755 3143 810 3206 sed
826 3141 982 3206 secundae
998 3142 1091 3205 sortis
1107 3141 1272 3226 ingenium
1281 3145 1308 3205 “.

162 3251 263 3319 Tertii
285 3252 414 3334 coloris,
443 3252 494 3316 cui
516 3273 583 3316 11011
605 3236 683 3317 duce
705 3254 831 3316 tantum
853 3274 932 3336 opus
955 3252 1012 3334 sit,
1035 3251 1091 3315 sed
1113 3250 1255 3333 adjutore
1278 3254 1310 3313 et

168 3401 204 3410 —-
227 3365 385 3444 ooactore,
408 3360 566 3445 Epicurus
590 3362 889 3428 ait-Hermarchum
911 3361 1073 3446 exemplar
1093 3360 1201 3424 fuisse.

247 3471 339 3547 Quod
360 3471 494 3555 Epicuri
516 3473 673 3556 judicium
694 3495 760 3539 non
784 3473 981 3556 dubitamus,
1011 3471 1088 3554 quiu
1112 3473 1234 3534 rectum
1257 3472 1309 3555 sit,

162 3582 365 3667 praesertim,
393 3602 465 3646 cum
493 3602 531 3646 ex
553 3584 611 3667 iis,
642 3606 722 3668 quae
749 3583 789 3670 de
818 3582 1000 3647 Metrodoro
1027 3581 1146 3646 tradita
1173 3584 1309 3663 exstant,

162 3692 246 3755 idem
268 3691 372 3756 facere
394 3691 497 3756 liceat.
543 3694 696 3758 Attamen
718 3715 790 3758 cum
811 3692 873 3757 hoc
895 3693 1042 3778 magistri
1060 3691 1181 3775 judicio
1203 3693 1242 3756 de
1264 3691 1308 3753 di-

163 3800 286 3885 scipulo
316 3801 395 3865 illud
418 3801 608 3886 Metrodori,
637 3804 676 3868 de
696 3804 766 3888 ipso
788 3802 943 3887 magistro
964 3802 1100 3886 factum,
1128 3821 1309 3885 comparare

158 3913 264 3996 juvat,
295 3911 378 3994 quod
406 3912 489 3994 apud
518 3913 679 3978 Plutarch.
710 3913 779 3976 adv.
804 3913 905 3977 Colat.
931 3910 1056 3976 1108E
1083 3912 1254 3995 reperitur:
1283 3910 1309 3974 εἰ

162 4026 202 4103 μὴ
236 4023 500 4102 προκαθηγήεατο
524 4025 743 4105 ,Δημόκριτοε,
779 4023 839 4088 οὐκ
866 4023 906 4088 ἂν
934 4026 1096 4103 προῆλθεν
1124 4022 1309 4101 Ἐπίκουρος

230 4205 259 4268 111)
272 4199 313 4254 Cf.
322 4199 482 4254 Philodami
493 4200 529 4254 de
540 4199 620 4269 poesi
632 4217 696 4253 eum
705 4193 831 4268 principe
844 4169 1061 4268 discrepantiam
1074 4200 1132 4252 not.
1144 4198 1180 4252 ad
1190 4199 1309 4252 Metrod.

161 4285 262 4351 fragm.
274 4300 351 4336 num.
364 4283 462 4338 XXXI.
486 4283 528 4338 De
540 4284 671 4338 Lucretio
689 4284 725 4337 ab
737 4283 851 4352 Epicuri
869 4282 981 4350 placitis
998 4282 1160 4337 discedente
1178 4282 1308 4337 01111111-

162 4367 221 4422 scil.
240 4370 362 4434 quaestt.
380 4367 502 4422 Lucrett.
520 4368 648 4422 Anclam.
668 4374 741 4423 1817.
