2956 4942
645 288 851 351 —53-

173 457 325 541 exhibet‚.
346 457 401 522 sed
430 457 506 521 ferri
539 457 658 540 nequit.
714 456 859 521 Perbelle
888 456 1156 541 Wyttenbachius
1184 457 1321 522 correxit

172 570 284 651 ἄωροι,
1147 553 1150 557 ’

258 680 307 746 ef.
323 680 452 764 Epicur.
469 677 552 762 apud
567 676 662 763 Diog.
678 677 782 742 Laert.
799 676 838 761 X,
856 678 934 743 126:
957 716 997 726 -
1014 678 1101 744 οὕτω
1124 679 1175 744 καὶ
1196 679 1319 758 χρόνον

172 793 211 859 οὐ
241 794 300 858 τὸν
334 793 498 872 μήκιετον,
532 789 616 854 ἀλλὰ
631 790 633 794 ’
649 789 707 854 τὸν
742 789 873 868 ἥδιττον
906 790 1087 869 καρπίζεται
1123 789 1162 873 (ὁ
1191 782 1318 874 εοφόε).

170 902 295 966 Lucret.
319 900 358 964 de
379 921 439 963 rer.
463 900 530 962 net.
555 896 617 984 (ed.
641 897 761 982 Munr.)
784 897 834 962 ΙΙΙ

256 1019 316 1076 938
439 1013 498 1074 Our
512 1032 588 1086 nen,
611 1016 646 1072 ut
659 1013 766 1088 plenus
782 1015 860 1073 vitae
876 1014 1017 1087 conviva,
1040 1012 1174 1074 recedis?

255 1128 315 1186 959
332 1145 395 1202 seq.
440 1158 480 1166 -
496 1158 536 1166 —
553 1156 593 1164 -
608 1104 687 1183 mors
704 1124 741 1182 ad
757 1127 847 1200 caput
862 1124 981 1183 adstitit
996 1127 1079 1198 ante,

372 1233 376 1241 '
437 1255 528 1310 quam
543 1236 627 1293 satur
642 1222 675 1293 ac
689 1235 795 1309 plenus
811 1235 907 1310 possis
922 1234 1072 1293 discedere
1087 1254 1198 1294 rerum.

235 1347 315 1407 1004
332 1366 417 1422 seqq.
440 1349 529 1421 atque
545 1344 663 1419 explere
678 1343 765 1404 bonis
779 1344 868 1404 rebus
884 1345 1052 1420 satiareque
1067 1364 1222 1420 nunquam

436 1456 516 1532 quod
532 1455 646 1515 faciunt
660 1455 748 1514 nobie
763 1473 911 1513 annerum
925 1457 1076 1530 tempora,
1100 1455 1212 1514 circum

436 1585 503 1625 eum
517 1566 644 1624 redeunt
658 1565 798 1640 fetusque
813 1565 914 1624 ferunt
928 1565 1085 1640 variosque
1099 1565 1231 1640 leperee,

433 1695 488 1736 nec
502 1678 604 1734 tamen
619 1675 772 1751 explemur
786 1676 859 1734 vitei
874 1675 1020 1734 fructibus
1036 1694 1179 1750 uuquam.

252 1782 366 1846 Horat.
397 1779 476 1846 sac.
504 1779 538 1863 l,
568 1781 601 1862 1,
632 1780 692 1844 118
713 1801 778 1862 seq.
812 1779 988 1844 Philodem.
1017 1779 1056 1843 de
1077 1782 1180 1844 morte
1201 1780 1266 1845 tab.
1289 1781 1315 1864 Ι,

167 1895 280 1978 fragm.
303 1891 324 1955 2
346 1892 380 1954 in
403 1890 438 1956 O.
462 1889 497 1954 P.
520 1889 583 1953 IX:
616 1890 696 1955 ὥετε
724 1894 901 1970 πληεθῆναι
926 1895 994 1956 τῶν
1017 1889 1147 1968 ἀγαθῶν
1170 1929 1210 1938 -
1233 1896 1315 1958 νοῦν
1373 1881 1377 1929 ἷ

167 2004 300 2085 ἔχοντός
323 2004 405 2068 ἐετιν
428 2002 614 2082 ἀνθρώπου.
651 1997 836 2063 Buecheler.
858 1998 1042 2083 Oenjectcn.
1059 1999 1159 2064 critic.
1184 1999 1313 2086 (Rhein.

166 2113 248 2177 Mne.
272 2112 313 2178 N.
336 2111 371 2176 F.
394 2109 470 2195 XV)
492 2131 565 2194 pag.
581 2108 654 2173 293.

697 2278 779 2334 xvl.

319 2377 481 2465 Plutarch.
504 2420 571 2463 nen
592 2419 687 2482 posse
711 2419 796 2461 suar.
819 2399 880 2462 viv.
906 2399 987 2463 1088
1002 2399 1040 2463 B.

252 2513 472 2592 Μητρόοωροε
493 2512 551 2588 μὲν
568 2510 688 2593 λέγων,
711 2507 760 2573 ὅτι
783 2509 939 2575 πολλάκις
961 2512 1222 2591 προεεπτύεαμεν
1243 2517 1313 2578 ταῑε

165 2628 223 2688 τοῦ
246 2624 390 2703 εώματοε
411 2621 553 2699 ἡδοναῖς.

249 2817 336 2901 Apte
362 2815 442 2880 haec
470 2814 671 2880 illustrentur
698 2816 803 2880 verbis
829 2815 962 2900 Epicuri
989 2815 1073 2901 apud
1100 2815 1189 2881 Stob.
1217 2817 1311 2882 floril.

167 2930 222 3012 17,
244 2929 301 2992 34:
332 2929 463 3021 Βρυάζω
492 2933 537 3011 τῷ
559 2928 639 2992 κατὰ
661 2929 700 2993 τὸ
729 2927 886 3009 εωμάτιον
914 2929 1000 3012 ἡδεῖ,
1028 2928 1118 2993 ὕδατι
1145 2931 1197 2993 καὶ
1223 2928 1311 3014 ἄρτῳ

164 3041 331 3118 χρώμενος
359 3040 411 3103 καὶ
437 3038 613 3117 προεπτιίιυ
635 3041 706 3102 ταῖς
733 3038 768 3103 ἐκ
795 3039 1002 3104 πολυτελείας
1023 3039 1172 3121 ἡδοναῑε,
1203 3039 1243 3104 οὐ
1272 3041 1312 3104 δι’

163 3149 276 3231 αὐτὰε,
300 3148 384 3212 ἀλλὰ
399 3148 452 3212 διὰ
464 3148 504 3211 τὰ
519 3147 797 3214 ἐξακολουθοῦντα
813 3147 924 3213 αὐταῑε
939 3151 1083 3228 δυεχερῆ.
1107 3146 1156 3213 Of.
1173 3148 1310 3213 eundem
1371 3181 1373 3186 ·

163 3256 247 3341 apud
269 3257 364 3342 Dicg.
387 3255 491 3320 Laert.
521 3255 551 3319 X
558 3306 567 3339 ,
598 3255 673 3320 129:
706 3294 749 3304 -
777 3258 817 3323 οὐ
844 3261 948 3324 πᾶεαν
975 3259 1097 3338 ἡδονὴν
1124 3259 1308 3342 αἱρούμεθα,

163 3368 233 3432 ἀλλ’
254 3369 338 3433 ἔετιν
362 3368 416 3433 ὅτε
435 3369 560 3433 πολλὰ(
581 3369 702 3446 ἡδονὰε
725 3367 973 3452 ὑπερβαίνομεν,
997 3367 1076 3434 ὅταν
1098 3373 1213 3436 πλεῖον
1234 3371 1308 3450 ἡμῖν
1407 3398 1418 3419 ι·
1452 3394 1455 3399 ·

162 3480 199 3543 τὸ
222 3479 371 3558 δυεχερὲε
392 3478 427 3543 ἐκ
448 3478 574 3544 τούτων
598 3477 721 3557 ἕπηται.

685 3644 783 3701 ΧἩΙ.

313 3753 474 3827 Plutarch.
503 3785 570 3828 non
596 3785 691 3847 posse
719 3785 805 3828 suav.
833 3765 895 3830 viv.
926 3765 1008 3830 1098
1029 3735 1071 3851 (l3
1101 3767 1171 3831 cdv.
1202 3765 1306 3832 Colot.

365 3873 447 3939 1125
461 3873 501 3938 D.

246 3984 365 4070 (Priori
379 3984 451 4048 loco
467 3984 675 4051 antecedunt:
690 3986 788 4053 -τὰ
804 3989 1027 4069 Μητροδώρου
1043 3989 1124 4068 πρὸε
1139 3989 1198 4054 τὸν
1213 3989 1306 4054 ἀδελ-

161 4098 228 4177 φὸν
249 4095 467 4181 γράφοντος)

245 4205 349 4272 Οὐδὲν
372 4204 456 4291 (loce
477 4205 647 4289 posteriori
669 4206 843 4272 adduntur:
867 4208 927 4274 οὖν
942 4209 1002 4293 ἔτι)
1019 4210 1075 4274 ·δεῖ
1096 4210 1207 4276 ειίιζειν
1229 4211 1305 4276 τοὺς

160 4317 316 4394 Ἕλληνα(
323 4362 333 4397 ,
357 4317 427 4383 οὐδ’
448 4319 499 4384 ἐπὶ
522 4320 619 4404 εοφίᾳ
642 4320 811 4399 ετεφὰνιον
834 4317 918 4403 (adv.
941 4317 1043 4384 Colot.
1067 4319 1087 4382 l.
1104 4319 1124 4382 l.
1147 4339 1201 4383 -ou
1224 4318 1303 4384 Gen.
