2956 4942
519 220 841 345 ,--ο-7

168 451 292 514 verunt.
322 448 369 511 At
382 447 482 530 unde,
504 468 640 530 quaese,
663 447 727 510 ista
740 447 837 512 verba
851 445 914 511 huc
928 446 1020 510 illata
1035 446 1122 510 sint?
1145 444 1315 529 Perperam

169 562 309 623 ceterum
337 554 520 622 Gassendus
542 557 732 636 ἐλλογίμου(
759 558 862 620 mutat
888 557 922 620 in
951 557 1137 638 ἐλλόγιμον,
1165 559 1201 619 ut
1228 559 1316 639 patet

169 690 208 734 ex
234 668 329 753 Diog.
358 667 461 731 Laert.
491 666 570 750 VII,
598 668 654 731 36:
692 669 825 746 μαθηταὶ
852 669 887 732 δὲ
915 669 1072 747 Ζήνωνος
1100 668 1219 732 πολλοὶ
1248 670 1315 750 μὲν,

169 780 309 847 ἔνδοξοι
341 780 377 844 δὲ
404 779 570 857 Περεαῖο(
599 780 666 843 κτλ.
716 776 828 860 Itaque
862 776 1009 860 equidem
1042 798 1109 840 non
1139 775 1242 839 solum
1276 776 1316 840 ab

169 888 358 971 Huebner0,
391 908 485 951 voees
513 888 683 966 Ἀθηναῖον
712 889 744 950 et
772 887 901 967 (ἁνδην
928 888 1092 969 corruptas
1120 907 1188 951 esse
1216 886 1316 968 suspi-

171 1001 279 1082 cante,
307 1019 375 1062 non
397 997 566 1074 dissentio,
596 1018 706 1060 verum
729 996 825 1060 etiam
846 997 881 1060 in
902 1017 980 1060 voce
1002 997 1201 1076 Τιμοκράτην
1223 987 1316 1059 libra·

170 1110 236 1174 rios
259 1107 412 1172 erravisse
435 1107 592 1170 existimo

255 1218 328 1282 Meo
356 1197 521 1300 praeterea
545 1215 666 1299 judicio
689 1215 852 1300 Diogenes
880 1215 942 1280 hoc
971 1217 1042 1280 loeo
1070 1237 1190 1280 nomen
1217 1215 1317 1298 patris

171 1327 345 1393 Metrodori
371 1348 439 1390 non
460 1327 566 1390 minus
588 1325 735 1408 tradidit,
765 1348 860 1408 quam
882 1325 1036 1408 Polyaeni
1066 1327 1098 1389 et
1118 1324 1317 1389 Hermarchi.

173 1437 277 1514 Qud?
300 1436 354 1501 ubi
376 1435 414 1500 de
429 1435 569 1499 hominis
584 1434 724 1518 Epicuro
748 1435 934 1499 amicissimi
955 1436 1049 1499 rebus
1072 1434 1152 1519 egit,
1174 1457 1253 1499 num
1275 1435 1320 1498 ibi

172 1548 351 1633 neglexerit
371 1548 515 1629 patrem?
544 1544 613 1621 Quo
637 1545 776 1628 aceedit,
807 1545 891 1629 quod
920 1546 987 1628 ejus
1015 1567 1132 1609 nomen
1160 1567 1319 1629 nusquam

173 1657 249 1721 alibi
270 1657 354 1740 apud
365 1655 545 1740 Diogenem
567 1655 737 1720 invenitur.
775 1654 915 1723 Proinde
929 1677 988 1738 pro
1004 1657 1187 1738 Ἀθηναῖον
1211 1656 1319 1739 utique

172 1768 351 1848 Ἀθηναίου
372 1764 605 1830 restituendum
627 1768 684 1830 est.

258 1875 447 1941 Timocratis
474 1897 594 1940 nomen
616 1897 677 1958 quo
700 1877 794 1958 pacto
823 1876 942 1939 servari
968 1879 1092 1958 posset,
1121 1897 1244 1940 mecum
1267 1875 1320 1941 diu

173 1986 361 2070 meditatus,
387 1986 517 2050 tandem
539 1983 692 2070 cognovi,
722 1985 921 2050 Gassendum
942 1988 1028 2049 recte
1049 1985 1264 2069 perspexisse,
1288 1986 1321 2049 id

174 2096 236 2161 hoc
264 2097 334 2160 loco
363 2096 439 2160 ferri
466 2117 533 2159 non
559 2115 663 2179 posse.
708 2094 821 2177 Neque
849 2095 935 2158 enim
962 2095 1075 2178 liquet,
1106 2096 1321 2177 qua'ratione

175 2205 373 2270 Timocrates
400 2205 453 2269 hic
480 2207 673 2268 memoratus
702 2203 759 2286 sit,
788 2205 975 2286 praesertim
998 2226 1070 2268 cum
1097 2206 1132 2269 in
1153 2205 1216 2269 fine
1244 2206 1321 2286 §23

174 2316 269 2381 nobis
292 2316 406 2380 iterum
429 2318 589 2398 occurrat,
611 2315 666 2378 ubi
688 2318 841 2398 tanquam
863 2315 897 2377 in
918 2316 1102 2379 transcursu
1123 2315 1207 2380 haud
1230 2340 1320 2382 secus

176 2425 346 2510 attingitur
367 2447 404 2489 ao
426 2427 453 2489 si
481 2448 500 2489 a
522 2426 676 2508 scriptore
704 2427 798 2488 antea
825 2424 992 2509 neglectus
1020 2425 1195 2491 inducatur.
1240 2427 1322 2521 qum

176 2535 221 2600 ibi
243 2536 370 2599 demum
392 2536 491 2599 frater
507 2535 683 2600 Metrodori
705 2537 915 2618 memoratur,
938 2535 1022 2618 quod
1042 2536 1149 2618 potius
1167 2538 1235 2620 jam
1250 2538 1321 2602 loco

176 2649 286 2710 nostro
309 2645 431 2709 factum
454 2645 676 2728 exspectabas,
706 2645 733 2708 si
756 2644 883 2727 quidem
905 2643 1095 2708 Timocratis
1116 2667 1235 2710 nomen
1258 2670 1321 2711 ser-

176 2755 315 2819 vandum
341 2757 480 2838 putatur.
525 2754 613 2839 Ergo
642 2753 727 2838 quod
755 2753 872 2839 legitur
900 2754 976 2836 §23
1005 2758 1257 2837 προειρημένον,
1290 2758 1322 2821 id

177 2865 217 2929 ad
232 2863 307 2947 X,6
329 2864 456 2928 referas.
478 2901 521 2912 —-
543 2863 605 2928 Sed
628 2864 718 2947 quid,
742 2885 875 2948 quaeso,
898 2864 1014 2929 dixerit
1028 2865 1213 2951 Diogenes?
1236 2867 1322 2933 Num

177 2975 244 3039 veri
273 2978 322 3038 est
349 2974 468 3056 simile,
496 2995 615 3038 nomen
642 2976 841 3056 Τιμοκράτην
869 2995 886 3038 ο
913 2996 1007 3058 voce,
1037 2997 1117 3059 quae
1140 2980 1233 3040 antea
1255 2979 1323 3061 ejus

178 3085 284 3150 locum
314 3084 493 3168 obtinebat,
527 3085 624 3170 longe
658 3085 721 3148 alia
753 3085 912 3149 evasisse?
950 3084 1129 3170 Legebatur
1157 3109 1233 3151 sane
1261 3110 1323 3152 vox

179 3195 259 3278 alia,
281 3194 355 3258 talis
371 3196 495 3277 tamen,
519 3216 557 3258 ex
572 3217 634 3278 qua
655 3195 750 3259 lectio
774 3195 903 3278 vulgata
923 3195 1016 3259 facile
1038 3197 1143 3279 potuit
1165 3218 1322 3262 emanare.

131 3353 136 3361 .
264 3303 428 3380 Quaenam
450 3326 487 3368 ea
508 3305 620 3387 fuerit,
642 3303 702 3367 tibi
725 3304 833 3368 statim
853 3305 990 3388 patebit,
1014 3305 1185 3369 dummodo
1201 3306 1323 3370 litteras

180 3414 298 3479 codicis
312 3437 410 3478 manu
425 3415 535 3498 scripti
555 3415 744 3498 majusculas
767 3417 841 3478 ante
864 3415 972 3479 oculos
986 3415 1200 3499 proposueris.
1232 3415 1325 3480 Subit

180 3524 265 3588 enim
280 3524 422 3589 animum
439 3525 606 3609 cogitatio,
628 3546 696 3588 non
709 3527 835 3588 tantum
849 3545 968 3589 nomen
982 3525 1099 3610 patpis,
1123 3525 1179 3589 sed
1193 3525 1324 3611 insuper

179 3635 291 3698 matris
313 3633 489 3699 Metrodori
510 3634 689 3720 Diogenem
717 3635 901 3719 tradidisse,
930 3635 1013 3699 sicut
1039 3657 1103 3698 una
1131 3657 1202 3700 eum
1224 3637 1324 3720 patris

133 3741 140 3749 ’
179 3744 311 3829 Epicuri
337 3744 467 3809 nomine
495 3744 625 3810 Neoclis
659 3745 755 3809 etiam
782 3746 892 3809 matris
920 3743 1161 3811 Chaerestratae
1189 3747 1324 3831 legimus

181 3853 220 3938 X,
242 3857 270 3919 1.
309 3853 343 3919 si
366 3856 436 3938 quis
458 3877 533 3920 vero
555 3856 702 3939 miretur,
725 3859 791 3920 tam
814 3835 989 3941 singularia
1011 3855 1049 3920 de
1072 3855 1255 3921 Metrodoro
1277 3879 1324 3922 re·

181 3963 246 4028 lata
274 3985 356 4048 esse,
391 3965 436 4048 is,
471 3987 606 4050 quaese,
639 3967 735 4030 etiam
766 3966 840 4030 libri
860 3965 891 4029 X
917 3967 1059 4051 amplum
1091 3988 1167 4048 prae
1195 3967 1325 4051 reliquis

181 4074 335 4138 ambitum
356 4075 517 4158 respiciat.
560 4076 693 4159 Repono
720 4076 819 4161 igitur
840 4074 1010 4139 lectionem
1032 4077 1324 4155 timoremque,

183 4205 275 4267 quae,
305 4206 399 4267 quam
420 4185 514 4249 facile
535 4186 604 4249 fieri
630 4186 770 4268 potuerit
791 4185 1065 4267 ΤΙΜΟΚΡΑῘΗΝ,
1094 4184 1325 4250 eruditissimus

183 4294 315 4377 quisque
336 4294 423 4359 illico
446 4294 615 4379 intelligat.
656 4295 718 4360 Pro
743 4297 767 4361 Η
791 4315 1017 4378 saepenumero
1040 4295 1071 4360 ΕΙ
1094 4293 1325 4361 restituendum
