2956 4942
604 286 818 351 ..99-

131 456 218 523 vitiis
234 457 316 523 liber
330 459 471 523 decimus
486 457 571 541 Lips.
590 459 681 522 1853.
698 479 771 542 pag.
791 457 854 543 15).
892 456 1064 543 Compares
1079 457 1279 543 potissimum

131 569 189 632 col.
208 569 262 633 15:
286 572 339 634 καὶ
360 574 494 649 διαιρεῖν
516 569 759 648 μεγαλοψυχίαν
783 568 1021 650 ὑπερηφανίαε,
1044 571 1127 637 ἀλλά
1142 574 1182 651 μή
1206 595 1279 652 ευμ-

131 680 246 760 φὺρειν
275 679 320 744 ὑιε
341 681 377 744 ἓν
400 680 451 743 καὶ
478 679 610 744 ταὺτόν·
633 679 778 758 διαφέρει
799 680 861 757 γὰρ
890 680 967 746 όεον
991 683 1042 745 καὶ
1064 681 1115 745 ἐπὶ
1137 686 1195 746 τοὺ
1219 683 1278 747 τώ-

131 809 231 869 μυτοε
266 789 419 869 οίδήεεωε
455 789 572 856 εὐεξία·
609 790 660 853 καὶ
697 789 760 854 ἔετι
791 793 849 853 τοῦ
883 792 940 870 μὲν
974 792 1206 870 μεγαλοψύχου
1240 793 1278 855 τὸ

131 903 349 978 καταφρονεῖν
376 905 442 964 τῶν
471 903 633 978 τυχηρῶν,
661 897 862 978 ὑπερέχοντα
892 904 937 982 τῷ
959 905 1016 979 τῆε
1038 905 1145 979 ψυχῆε
1175 901 1278 985 ὄγκῳ·

131 1013 190 1073 τοὺ
213 1010 241 1073 δ’
256 1007 468 1089 ὑπερηφάνου
490 1010 528 1073 τό
543 1010 595 1074 διὰ
617 1009 803 1089 κουφότητα
819 1008 935 1087 ταὺτηε
958 1010 1276 1089 ἐκπνευματοὺμενον

132 1119 196 1183 ὑπὸ
226 1118 362 1196 κτήεευιε
390 1119 553 1202 ὑπερορᾷν
583 1117 721 1197 ἑτέρουε.
767 1116 814 1182 Of.
838 1117 972 1183 Aristot.
995 1117 1059 1184 eth.
1082 1118 1154 1184 Nic.
1177 1119 1225 1202 Π,
1249 1120 1276 1183 7.

131 1225 192 1309 IV,
213 1227 249 1309 3,
280 1225 335 1290 ubi
358 1228 582 1308 μεγαλοψυχία
603 1226 743 1290 medium
770 1230 859 1291 tenet
881 1227 986 1290 locum
1014 1227 1098 1293 inter
1123 1209 1277 1308 μικροψυ-

133 1337 205 1417 χίαν
227 1339 260 1401 et
280 1338 468 1417 χαυνότητα.

284 1446 318 1532 6)
342 1449 439 1526 Περὶ
460 1448 650 1512 πλούτου.

218 1555 304 1621 Gitet
326 1556 387 1621 hoe
410 1578 490 1641 opus
511 1559 638 1640 praeter
659 1555 838 1642 Diogenem
860 1558 1021 1623 Laertium
1043 1559 1082 1642 X,
1105 1559 1148 1623 24
1170 1558 1277 1624 Philo·

52 1697 54 1700 >
134 1665 244 1729 demus
267 1666 305 1730 de
320 1667 390 1730 vitt.
414 1666 500 1730 virtt.
524 1687 634 1750 oppos,
658 1665 694 1730 C.
711 1665 747 1730 P.
764 1665 823 1750 ΙΙΙ,
845 1670 861 1730 l
885 1668 1277 1754 col.12(ed.Goettling.

131 1775 203 1840 Jen.
222 1775 305 1840 1830
326 1799 390 1839 una
413 1797 484 1840 cum
499 1776 633 1840 Aristot.
651 1774 856 1862 0eeonom),
880 1781 953 1858 περὶ
967 1780 1112 1844 πλούτου
1134 1779 1169 1842 in
1185 1777 1221 1844 (λ
1237 1780 1277 1843 Α.

131 1884 182 1949 III
204 1886 262 1950 eol.
280 1885 309 1948 6.
355 1884 447 1961 Quod
474 1885 514 1948 ad
541 1885 678 1969 priorem
701 1885 879 1950 Philodemi
907 1887 1011 1951 locum
1039 1891 1177 1973 spectat,
1206 1911 1278 1953 eum

131 1995 302 2080 diligenter
329 1994 510 2059 consideres
539 1997 584 2060 sic
613 1995 852 2081 aGoettlingio
873 1997 1071 2062 restitutum:
1100 2000 1276 2083 Φιλοεόφψ

131 2109 160 2171 δ’
175 2107 237 2172 ἐετὶ
258 2108 404 2173 πλούτου
426 2109 550 2189 μικρὸν,
573 2109 591 2172 ὃ
614 2109 845 2187 παρεδώκαμεν
869 2109 989 2194 (πάντα
1004 2109 1125 2192 καθλάιε
1148 2107 1278 2193 [Neap.:

133 2217 299 2300 εὑκαιρῶε]
323 2222 393 2284 τοῖε
415 2198 604 2299 καθηγεμόει
627 2222 716 2284 δοκεῖ
740 2213 839 2303 [δοκεῖ
861 2217 950 2281 deest
965 2218 999 2281 in
1014 2216 1130 2302 Neap]
1153 2219 1188 2283 ἐν
1211 2224 1280 2284 τοῑε

132 2328 204 2406 περί
226 2328 371 2392 πλούτου
395 2327 520 2410 λόγοιε,
545 2327 625 2392 ὥετε
648 2331 705 2407 τὴν
729 2328 916 2406 οἰκονομίαν
938 2333 993 2407 τῆτ
1009 2349 1043 2393 τε
1065 2330 1184 2394 τούτου
1207 2330 1277 2408 κτή-

132 2457 211 2503 εεωε
239 2439 289 2502 καὶ
317 2441 374 2516 τῆε
396 2438 515 2502 τούτου
538 2442 684 2520 φυλακῆε
713 2435 968 2522 (παραδμδόεθαι
991 2435 1124 2521 [Neapz
1148 2440 1279 2522 μεταδ.].

133 2549 237 2613 Κεῖται
264 2549 374 2614 τοίνυν
397 2549 500 2632 ἐντῷ
523 2550 597 2627 περὶ
624 2548 769 2612 πλούτου
793 2550 1014 2628 Μητροδώρου
1042 2550 1175 2613 τοιαῦτα
1195 2549 1279 2627 πρόε
1312 2542 1313 2545 '

131 2660 189 2725 τὸν
211 2659 334 2738 τρόπον
356 2659 391 2725 ἐν
413 2659 564 2742 τῷλόγῳ
586 2665 632 2743 τῷ
654 2659 738 2737 πρὸ(
759 2657 913 2737 ἐροὺνταε
933 2656 1010 2722 icore
1033 2657 1081 2722 ὅτι
1096 2659 1182 2722 πολὺ
1204 2678 1278 2722 κου-

131 2768 277 2849 φοτάτην
309 2771 360 2834 καὶ
387 2768 505 2852 ῥᾴετην
528 2769 560 2833 οἱ
584 2769 711 2834 Κυνικοὶ
738 2769 901 2847 διαγωγὴν
925 2752 1123 2852 (ποιοὺνλται
1144 2765 1277 2852 [Neapz

133 2879 289 2962 βιοὺνται]
313 2881 377 2944 πᾶν
401 2877 508 2944 αὐτῶν
530 2874 793 2962 περιίφέρονλτεε
820 2876 951 2961 [Neap.:
975 2878 1211 2961 περιέλκοντεε]
1235 2876 1278 2942 εἰ(

129 2991 167 3053 τό
191 2991 345 3072 δυνατόν,
377 2989 476 3067 ὃμὲν
501 2984 630 3071 (ἀμλελῆ
660 2985 798 3070 [Neapz
826 2987 953 3065 εὐτελῆ,
978 2985 1017 3050 ef.
1040 2986 1170 3070 Epicur.
1194 2986 1278 3069 apud

130 3096 226 3182 Diog.
249 3097 354 3161 Laert.
376 3096 416 3176 X,
443 3096 607 3160 145.146:
630 3097 784 3180 παντελῆ]
814 3098 945 3176 παρέχει
968 3098 1038 3177 βίον
1061 3096 1221 3176 εἰρηνικόν
1243 3117 1278 3160 τε

131 3207 262 3292 [Neapz
285 3209 335 3292 δὲ]
363 3209 414 3273 καὶ
441 3208 562 3287 μάλιετ’
589 3206 768 3291 ἀθόρυβον,
797 3208 957 3288 φροντίδα
984 3207 1013 3273 δ’
1036 3208 1081 3273 ὑιε
1111 3206 1277 3286 ἐλαχίετην

130 3314 263 3401 μ(όνο)ν
289 3316 417 3402 [Neapz
440 3318 588 3401 μελέτην]
611 3319 663 3381 καί
685 3318 911 3400 πραγματείαν.

214 3426 296 3490 Tum
324 3425 529 3491 Philodemus
563 3425 637 3489 libri
666 3425 868 3509 procedentis
898 3426 956 3491 col.
977 3427 1017 3489 21
1052 3447 1206 3510 persaepe
1233 3427 1279 3488 ait

131 3536 288 3620 evenisse,
323 3540 360 3601 ut
385 3535 570 3620 philosophi
605 3535 643 3600 de
672 3535 860 3620 quibusdam
889 3536 983 3600 rebus
1011 3536 1109 3600 verba
1135 3533 1278 3599 facerent

129 3668 242 3730 parum
263 3647 455 3730 perspectis,
478 3646 573 3710 tracti
596 3645 643 3709 illi
658 3645 785 3730 quidem
808 3647 1023 3731 (theotetam)
1046 3637 1196 3729 loquendi
1217 3665 1277 3707 usu

46 3765 51 3774 ⁴
129 3756 269 3841 vulgari,
297 3756 522 3842 progrediente
550 3777 625 3820 vero
654 3755 852 3839 expositione
881 3777 952 3819 cum
981 3750 1185 3818 multitudine
1215 3753 1277 3816 dis·

130 3869 297 3950 crepantes
331 3865 415 3931 hanc
449 3867 552 3950 ipsam
580 3866 818 3951 redarguerent.
873 3863 997 3928 Deinde
1032 3866 1129 3949 ὅπερ,
1162 3862 1277 3946 inquit,

129 3979 346 4058 Ἁριετοτέληε
378 3977 498 4044 ἔπαθεν
526 3979 606 4043 κατὰ
633 3979 693 4043 τὸν
726 3977 762 4042 ἐν
789 3983 835 4060 τῷ
862 3976 935 4055 περὶ
961 3977 1143 4053 πολειτικῆε
1176 3973 1276 4050 λόγον

131 4087 245 4171 [Neap.
265 4109 456 4171 perperam:
483 4087 519 4153 ἐν
547 4094 593 4172 τῷ
622 4087 797 4171 Περιπάτῳ
826 4086 996 4168 διάλογον,
1024 4105 1119 4167 ηαυπτ
1146 4083 1215 4164 ipse
1243 4103 1277 4146 se

128 4198 253 4261 nescire
276 4197 446 4261 confitetur
460 4196 649 4261 Javaronius
672 4193 785 4280 editor]
809 4194 891 4274 ὑπὲρ
913 4199 971 4259 τοὺ
993 4195 1131 4271 τὸνμὲν
1154 4191 1279 4269 ἀγαθόν
1343 4198 1345 4202 ’

130 4308 233 4390 ἄνδρα
255 4309 306 4373 καὶ
327 4309 539 4390 χρηματιττὴν
567 4307 690 4383 ἀγαθὸν
712 4305 811 4390 εἶναι,
839 4306 898 4370 τὸν
921 4307 956 4369 δὲ
979 4305 1108 4383 φαῦλον
1130 4304 1179 4368 καὶ
1202 4322 1276 4384 χρη-
