2956 4942
630 301 840 366 ..59-

166 474 353 554 βέβλαπται,
375 472 503 539 πάντως
526 476 584 553 μέν
607 473 839 554 ὀργιςβήςειαι,
864 471 1007 552 βραχέως
1030 472 1066 535 δὲ
1088 471 1141 536 διὰ
1162 472 1199 536 τὸ
1216 470 1307 550 μηδέ-

164 604 244 649 ποτε
259 583 396 664 μεγάλης
411 585 546 665 έμφαςιν
563 585 680 666 βλάβης
696 582 882 664 λαμβάνειν,
907 581 1004 646 οὐδὲν
1026 579 1212 659 εἶναιπαρὰ
1227 581 1307 660 μέγα

164 699 230 760 τῶν
252 694 371 761 ἔξωθεν
394 696 574 775 ἡγούμενος
596 694 649 777 (47
665 693 744 776 fin).
789 690 909 754 Verum
937 693 1046 755 tamen
1067 712 1135 755 non
1162 693 1224 773 est,
1254 690 1308 773 qui

166 825 235 868 eam
264 803 401 888 effugere
429 807 525 888 queat
547 805 633 890 (40);
663 802 739 886 quin
768 801 900 885 quisque
927 799 1082 864 habeatur
1109 800 1158 864 vir
1178 822 1307 883 prorue,

165 914 219 998 qui
247 916 283 978 ut
312 915 496 995 ἀδιάφορον
519 916 624 980 πάθος
652 912 908 997 objurgationem
930 911 981 975 vel
1003 910 1230 974 detrimentum
1258 932 1308 973 ex-

165 1023 263 1107 cipiat
285 1024 367 1109 (38).-
410 1023 491 1088 Tum
514 1024 694 1108 exponendi
721 1023 818 1086 finem
840 1021 982 1086 facturus
1004 1020 1114 1084 laudat
1134 1019 1337 1102 Epicurum-

166 1137 198 1197 et
220 1133 437 1198 Metrodorum
458 1134 619 1218 principes
642 1137 674 1199 et
696 1155 777 1216 eum,
800 1152 894 1216 quem
916 1130 949 1194 hi
967 1130 1105 1194 dixerint
1127 1131 1245 1212 θυμόν,
1269 1131 1309 1193 ab

45 1233 50 1242 ’
165 1243 236 1326 illa,
265 1265 361 1327 quam
390 1245 458 1328 ipse
487 1244 618 1328 dixerit,
653 1245 735 1328 ὀργῇ
763 1241 948 1324 neutiquam
975 1240 1133 1305 diversum
1162 1262 1230 1304 esse
1254 1239 1310 1304 vdc·

165 1355 325 1418 monstrat
346 1356 401 1439 (43
423 1356 538 1440 scqq;).

249 1497 418 1582 Duplicem
441 1499 563 1564 scilicet
578 1501 611 1563 in
626 1521 704 1563 voce
726 1490 905 1579 ὀυμόςνίαι
927 1499 1047 1581 inesse,
1070 1497 1202 1561 alteram
1223 1499 1310 1582 ῇπου

166 1609 218 1674 ἐπὶ
245 1609 283 1674 τὸ
311 1611 500 1677 κοινότατον
529 1611 686 1691 εἰώθαμεν
714 1611 826 1690 φέρειν
855 1609 972 1687 ταύτην
995 1611 1053 1688 τὴν
1081 1610 1311 1691 προςηγορίαν,

165 1719 298 1782 alteram
319 1721 338 1804 ᾗ
362 1721 415 1786 ἐπὶ
436 1721 474 1786 τὸ
497 1720 654 1786 ςύντονον
678 1720 808 1785 κατὰτὸ
824 1719 957 1797 μέγεθος
980 1719 999 1797 ἢ
1022 1719 1073 1783 ἐπὶ
1087 1721 1145 1798 τὴν
1169 1720 1214 1784 ὡς
1230 1719 1311 1797 πρὸς

165 1830 370 1896 ἀπολαυςτὸν
392 1829 510 1912 ὁρμήν,
537 1829 737 1913 prioremque
765 1827 851 1892 illius
872 1827 1013 1891 nominis
1041 1826 1311 1912 significationem
1438 1888 1446 1928 ,Ι

165 1960 333 2022 usurpasse
361 1938 532 2021 principes,
582 1938 729 2021 Denique
756 1934 962 2002 Philodemus
992 1925 1190 2001 adversarios
1218 1958 1310 2020 quos·

165 2048 237 2114 dam
265 2047 478 2112 differentiam
506 2070 637 2131 prorsus
663 2047 867 2132 negligentes
895 2046 1100 2132 reprehendit
1123 2047 1215 2132 (45).
1260 2045 1310 2111 Of.
1348 2046 1350 2049 ’

164 2156 348 2222 Buecheler.
364 2158 384 2221 l.
402 2180 428 2222 c.
452 2158 585 2223 Aristot
599 2158 675 2222 Eth.
690 2157 815 2221 Nicom.
832 2156 888 2240 IV,
904 2156 933 2221 5.
958 2153 1023 2221 Cio.
1040 2155 1190 2221 Academ.
1206 2155 1309 2238 11‚44.

164 2267 203 2331 dc
225 2268 278 2331 off.
301 2267 332 2350 l,
355 2268 396 2332 26
424 2289 495 2332 curn
523 2270 605 2334 nott.
629 2267 744 2332 Muret.
768 2267 907 2331 Tuscull.
932 2265 1043 2352 Dispp.
1068 2261 1129 2350 lv,
1161 2266 1200 2330 19
1224 2287 1311 2351 seqq.

163 2376 271 2460 ibique
294 2378 472 2463 interprett.
496 2377 570 2443 Sen.
594 2377 633 2443 de
654 2378 703 2443 ira
725 2379 796 2443 cett.

679 2616 791 2675 xx1v.

315 2768 477 2845 Plutarch.
500 2791 604 2854 praec.
628 2773 757 2856 conjug.
782 2770 844 2835 142
858 2771 899 2836 A.

249 2905 344 2986 Οἶμαι
370 2909 409 2986 δὴ
437 2908 489 2972 καὶ
515 2914 553 2990 τῇ
582 2907 727 2989 ςώφρονι
756 2909 886 2989 μάλιςτα
915 2912 983 2974 δεῖν
1012 2909 1094 2988 πρὸς
1121 2910 1179 2974 τὸν
1208 2909 1311 2988 ἄνδρα

163 3014 321 3094 χαρίτων,
356 3016 409 3098 ἵν’,
441 3018 486 3083 ὡς
513 3017 604 3093 ἔλεγε
634 3019 869 3101 Μητρόδωρος,
903 3018 1007 3098 ἡδέως
1037 3024 1165 3102 ςυνοικῇ
1194 3019 1244 3082 καὶ
1270 3021 1310 3098 μὴ

165 3123 370 3206 ὀργιζομένη,
393 3125 442 3192 ὅτι
465 3132 637 3207 ςωφρονεῑ.

249 3409 498 3494 Wyttenbaohio
513 3415 644 3479 verbum
665 3415 855 3498 ὀργιζομένη
870 3419 1029 3482 nonsatis
1050 3422 1161 3503 aptum
1175 3419 1309 3484 videtur.

164 3521 255 3597 Quod
284 3521 435 3586 exhibent
461 3522 538 3588 Ood.
562 3526 601 3588 A.
632 3525 747 3611 (Paris
773 3526 886 3610 1671),
916 3527 1081 3613 effaris.
1107 3529 1201 3614 1672)
1230 3532 1263 3594 et
1284 3530 1310 3593 Τ

83 3729 84 3732 Ἴ
165 3630 304 3716 (urnebi)
327 3633 530 3718 ὁρκιζομένη,
553 3637 764 3700 οοοςνοαλοςε
780 3636 918 3720 quodam
939 3637 1117 3720 profectum
1139 3661 1207 3703 esse
1222 3642 1310 3724 puto,

164 3740 214 3804 oui
236 3740 315 3805 illud
338 3745 522 3826 corruptum
544 3744 647 3809 visum
670 3749 728 3810 est.
764 3801 777 3807 -

247 3884 347 3950 Recte
375 3885 542 3970 Wyttenb.
578 3889 687 3953 laudat
721 3888 884 3955 Plutarch.
914 3891 1058 3957 Amator.
1094 3894 1156 3958 735
1178 3893 1218 3979 O,
1256 3896 1310 3960 ubi
1362 3973 1367 3976 g

163 3994 273 4060 eadem
296 3997 399 4059 exstat
420 3996 595 4062 Metrodori
623 3999 798 4066 sententia:
827 4002 861 4079 αἱ
888 4005 923 4068 δέ
953 4004 1121 4083 ςώφρονες
1143 3985 1227 4071 οὐδὲ
1254 4006 1319 4082 ud«,

163 4108 278 4185 ςτηρὸν
309 4107 358 4172 καὶ
380 4110 660 4188 κατεγρυπόμενον
690 4110 826 4190 ἐπαχθὲς
848 4113 899 4176 καὶ
921 4115 1173 4195 δυςιςαρτέρητον
1202 4115 1311 4195 έχουςι

162 4217 214 4279 καὶ
234 4217 358 4282 Ποινὰς
380 4221 531 4284 καλοῡςιν
554 4218 652 4290 αὐτὰς
674 4222 725 4290 καὶ
745 4225 814 4289 τοῖς
832 4221 988 4301 άνδράςιν
1010 4223 1237 4311 ὀργιζομένας,
1261 4226 1310 4295 ὅτι

163 4330 397 4408 ςωφρονοῦςιν.
