2956 4942
664 286 873 348 ..42-

194 456 425 538 concretiones,
455 456 612 539 corrumpi
635 455 849 519 arbitraretur.
893 455 995 519 immo
1024 455 1185 538 corrumpi
1207 455 1342 540 negavit

192 566 427 630 concretionem
449 587 568 649 eorum,
591 587 670 649 quae
693 565 732 629 ad
754 587 921 629 numerum
944 566 1193 648 concrevissent,
1216 566 1340 646 ςιίνκρι-

193 699 240 743 ςιν
262 680 329 743 τῶν
356 677 423 742 κατ’
445 676 594 757 ἀριθμόν,
622 698 717 759 quam
743 698 811 740 non
837 676 932 740 modo
962 676 1159 760 corruptioni
1187 696 1255 739 non
1286 675 1341 739 ob-

192 786 338 869 noxiam,
372 808 481 850 verum
509 786 605 850 etiam
633 785 772 851 divinam
807 786 1008 850 existimavit.
1060 784 1148 861 Quae
1176 785 1341 850 distinctio

191 874 270 979 quid
290 896 420 961 taudem
443 895 504 959 sibi
525 896 675 979 voluerit,
705 897 850 980 equidem
872 897 1002 981 ignoro,
1030 896 1094 959 nisi
1116 896 1201 960 forte
1222 895 1342 959 Metro·

194 1005 289 1070 dorus
316 1009 378 1070 hoc
400 1006 551 1070 senserit:
580 1006 714 1070 alterum
743 1006 982 1070 concretionum
1010 1028 1111 1091 genus
1133 1028 1243 1070 revera
1265 1027 1341 1070 con-

193 1119 277 1181 stare
305 1116 339 1179 in
367 1116 555 1199 qualitatum
579 1116 786 1201 (ποιότητες)
809 1117 947 1180 mixtura
968 1119 1063 1200 atque
1091 1138 1161 1180 esse
1184 1118 1341 1198 φθαρτόν,

194 1226 310 1309 quippe
333 1247 405 1289 cum
428 1226 532 1290 omnis
554 1227 687 1306 ποιότης
709 1227 903 1290 immutetur.
949 1225 1096 1290 Alterum
1118 1248 1231 1310 genus,
1263 1247 1338 1290 con-

188 1336 313 1420 junctio
336 1339 515 1400 atomorum
538 1336 743 1420 qualitatibus
766 1358 830 1399 non
848 1336 969 1418 mixtis,
993 1333 1060 1401 κατ’
1075 1337 1209 1417 ἀριθμόν
1232 1336 1338 1400 solum

192 1446 292 1529 facta,
315 1449 446 1510 vocatur
469 1447 622 1527 ςύνκριςις
643 1452 709 1512 τῶν
733 1447 799 1511 κατ’
822 1448 956 1527 ἀριθμόν
973 1446 1014 1529 ¹(i.
1033 1467 1062 1530 q.
1086 1447 1188 1524 ἡκατ’
1203 1447 1340 1526 ἀριθμόν

193 1556 346 1645 ςύνκριςις
368 1577 441 1639 pag.
461 1556 569 1642 nst).
609 1555 671 1620 Sed
692 1576 823 1618 manum
845 1555 884 1620 de
905 1556 1022 1620 tabula.
1067 1554 1342 1630 Quemadmodum

193 1664 394 1729 Metrodorus
431 1665 491 1730 hac
524 1665 729 1729 distinctione
757 1664 889 1749 Epicuri
927 1664 1101 1728 sententias
1134 1646 1173 1728 dc
1208 1665 1341 1728 deorum

195 1775 381 1858 corporibus
404 1776 580 1857 ἀφθάρτοις
603 1776 795 1859 defenderit,
817 1775 912 1839 nobis
927 1796 1126 1859 nequaquam
1141 1775 1251 1857 liquet.
1290 1774 1340 1839 Of.

193 1884 328 1949 Met-rod.
352 1885 473 1969 scriptt.
495 1887 618 1950 num.4
640 1889 673 1950 et
694 1886 789 1970 Diog.
812 1884 916 1950 Laert.
939 1885 979 1968 X,
1002 1885 1044 1949 39
1059 1874 1145 1969 seqq.
1167 1885 1210 1950 54
1224 1905 1311 1968 seqq.

533 2080 576 2146 Β.
620 2080 837 2164 Fragmenta
859 2080 995 2147 ethica.

747 2233 789 2287 11.

244 2299 247 2303 i
347 2334 432 2400 Sext.
456 2333 577 2418 Empir.
602 2335 670 2399 adv.
693 2335 792 2399 math.
816 2334 841 2419 l,
865 2336 915 2400 61.

279 2446 363 2524 Αὐτὴ
386 2448 443 2526 μὲν
466 2447 528 2526 γὰρ
552 2446 694 2526 ἐμπειρία
716 2447 804 2527 τριβή
827 2446 890 2512 ἐςτι
912 2447 964 2512 καὶ
985 2446 1126 2526 ἐργάτις,
1150 2445 1284 2524 ἄτεχνός
1306 2466 1342 2509 τε

194 2556 244 2621 καί
260 2555 397 2638 ἄλογος,
420 2556 455 2621 ἐν
471 2559 549 2640 ψιλῇ
565 2557 778 2635 παρατηρήςει
793 2558 844 2620 καὶ
859 2555 1071 2640 ςογγυμναςίᾳ
1086 2555 1211 2635 κειμένη
1227 2591 1266 2600 -
1284 2553 1342 2635 ἀφ’

194 2666 299 2745 ἧςπερ-
317 2666 445 2734 ἐννοίας
462 2665 512 2729 καὶ
527 2665 545 2730 ὁ
563 2666 782 2744 Μητρόδωρος
805 2666 883 2746 ἐφη·
908 2667 1060 2746 μηδεμίαν
1083 2665 1183 2745 ἄλλην
1198 2665 1341 2743 πραγμά-

192 2796 259 2840 των
282 2775 445 2853 ἐμπειρίαν
473 2774 512 2839 τό
534 2775 648 2853 ἑαυτῆς
669 2776 763 2840 τέλος
787 2781 943 2858 ςυνορᾷν,
971 2777 1226 2858 ἢφιλοςοφίαν,
1254 2775 1341 2839 τοῦτ’

194 2885 258 2950 έςτι
280 2885 433 2965 μηδεμίαν
456 2886 583 2964 τέχνην.
647 2946 665 2969 s

277 3104 441 3169 Fabricius
464 3104 550 3168 adh.
566 3104 587 3168 l.
610 3104 645 3168 in
667 3104 796 3168 scholiis
819 3104 859 3168 ad
874 3104 1065 3188 Dionysium
1080 3104 1235 3169 Thracem
1256 3104 1356 3168 idem·

193 3215 238 3278 ait
265 3214 397 3296 reperiri
423 3213 648 3298 fragmentum.
699 3214 788 3289 Quae
810 3214 932 3278 scholia
953 3218 1029 3279 tuuc
1056 3214 1177 3278 inedita
1206 3214 1342 3297 (primus

195 3324 242 3388 ed.
271 3322 439 3387 Villoison.
472 3324 593 3388 Anecd.
623 3322 675 3408 ΙΙ)
714 3325 887 3388 secundum
920 3324 1056 3390 Bekker.
1085 3324 1205 3388 Anecd.
1239 3316 1287 3409 gr}
1309 3322 1342 3387 II

193 3455 267 3518 pag.
285 3434 344 3498 731
370 3436 445 3497 sunt
458 3433 588 3497 haecce:
611 3436 734 3513 Ἕτεροι
751 3437 786 3500 δὲ
809 3435 897 3500 οὕτω
914 3436 1011 3516 φαςὶν
1034 3434 1083 3499 ὅτι
1105 3437 1143 3501 τὸ
1160 3440 1215 3513 τῆς
1237 3434 1344 3513 ἐμπει-

193 3546 262 3624 ρίας
292 3543 396 3622 ὄνομα
417 3544 560 3609 τέτακται
582 3546 633 3609 καὶ
662 3546 713 3610 ἐπί
735 3549 790 3624 τῆς
811 3547 924 3626 τέχνης
947 3545 1137 3626 ἀδιαφόρως
1160 3545 1250 3628 [ὑπὸ]
1281 3549 1341 3609 τοῦ

194 3656 280 3735 βίον,
302 3658 369 3718 τῶν
392 3654 501 3719 αὐτῶν
523 3653 694 3734 ἐμπειρίων
709 3677 743 3720 τε
759 3657 811 3720 καὶ
831 3661 985 3735 τεχνικῶν
1008 3654 1270 3737 ὀνομαζομένων,
1296 3651 1341 3720 ὥς

194 3764 270 3846 φηςί
292 3784 357 3829 που
380 3764 431 3828 καὶ
454 3765 687 3844 Μητρόδωρος·
715 3765 868 3846 μηδεμίαν
891 3765 992 3844 ἄλλην
1015 3764 1214 3844 πραγμάτων
1236 3766 1341 3844 ἐμπει-

192 3877 264 3955 ρίαν
286 3876 325 3939 τό
347 3874 460 3951 ἑαυτῆς
482 3874 574 3940 τέλος
597 3880 735 3958 ςυνορᾷν
762 3877 782 3955 ἢ
806 3875 1020 3958 φιλοςοφίαν,
1052 3878 1139 3942 τοῦτ’
1161 3877 1224 3942 ἔςτι
1246 3882 1341 3957 μηδε-

193 3984 266 4065 μίαν
287 3984 415 4063 τέχνην.

278 4093 457 4158 Scholiasta
477 4093 585 4157 hausit
607 4114 623 4157 e
645 4093 741 4158 Sexto
764 4094 840 4180 (vid.
857 4093 993 4166 Bekker.
1010 4096 1031 4159 l.
1048 4097 1102 4180 a),
1126 4097 1214 4180 cujus
1236 4096 1334 4160 verba

193 4203 385 4287 explicantia
411 4205 499 4269 τοῦτ’
520 4204 584 4269 ἔςτι
606 4207 670 4269 κτλ.
698 4226 716 4268 a
738 4204 921 4270 Metrodoro
952 4205 1059 4269 addita
1080 4206 1213 4290 putavit.
1259 4205 1337 4270 Sen-

193 4312 294 4377 tentia
314 4335 372 4396 per
393 4335 427 4378 se
449 4313 616 4397 perspicua
637 4318 798 4380 auctorem
818 4315 1011 4399 Epicureum
1034 4315 1111 4379 satis
1133 4315 1255 4399 prodit:
1278 4315 1342 4378 Ex·
1382 4367 1384 4370 .
