2956 4942
664 329 851 392 „6-

82 498 85 507 ’
181 500 329 584 Namque
351 500 583 580 Metrodorum,
613 499 756 583 quamvis
779 497 944 563 Ciceronis
975 501 1007 563 et
1030 499 1197 564 Strabonis
1225 503 1328 565 aetate

40 632 44 639 ’
99 682 100 685 ¹
127 678 129 682 ,
184 632 255 687 eum
276 610 508 674 Atheniensem
530 611 628 674 fuisse
651 609 812 674 neminem
833 609 962 694 fugerit,
985 609 1236 692 Lampsacenum
1257 632 1329 695 pro-

184 724 293 804 pterea
308 724 341 784 et
356 720 476 784 dictum
492 722 524 784 et
539 719 684 784 habitum
699 740 768 783 esse
784 723 976 803 asseverant,
993 720 1078 803 quod
1092 720 1147 783 diu
1162 720 1329 804 Lampsaci

183 831 281 896 fuerit
295 834 455 912 versatus,
471 830 554 894 siout
567 828 743 912 Epicurum
759 831 881 909 τρόπον
896 831 968 896 τινὰ
983 831 1200 910 Λαμψακηνόν
1217 830 1331 895 dixerit

185 939 300 1005 Strabo
329 940 349 1002 l.
371 941 392 1004 l.
437 939 505 1018 ouo
533 940 654 1005 factum
682 961 765 1021 esse,
795 942 831 1001 ut
859 940 898 1003 ab
927 939 1038 1004 eodem
1061 939 1218 1004 Strabone
1247 941 1331 1005 inter

185 1051 266 1114 alios
284 1068 398 1114 'revera
411 1049 646 1134 Lampsacenos
669 1050 765 1112 etiam
780 1049 982 1115 Metrodorus
1004 1050 1238 1134 Lampsacenus
1260 1073 1330 1134 per·

184 1160 347 1225 hiberetur
358 1162 395 1243 c).
426 1159 508 1223 Item
523 1162 652 1242 praeter
665 1159 687 1224 J
689 1160 814 1223 onsium
837 1160 933 1224 etiam
948 1160 1129 1243 Fabricius,
1151 1160 1329 1240 Emestius,

153 1345 157 1352 .
186 1269 375 1335 Kuehnerus
403 1270 519 1353 aliique
541 1269 602 1332 viri
625 1268 710 1333 docti
738 1271 932 1334 recentiores
961 1271 1119 1353 sentiunt,
1148 1292 1227 1354 quos
1256 1293 1330 1334 enu-

185 1401 306 1444 merare
340 1379 473 1464 longum
504 1382 566 1458 est,
602 1378 657 1442 sed
690 1400 800 1443 omnes
832 1380 976 1472 profecto
1011 1381 1116 1444 minus
1148 1380 1330 1464 prudenter.

185 1490 329 1556 Primum
362 1489 447 1553 enim
482 1489 565 1572 apud
594 1488 784 1554 Strabonem
812 1490 892 1553 illud
915 1492 1038 1569 τρόπον
1066 1493 1137 1556 τινὰ
1167 1491 1269 1554 solum
1292 1491 1331 1554 ad

186 1601 361 1685 Epicurum
383 1599 528 1663 refertur.
573 1597 654 1662 Tum
677 1600 704 1662 si
719 1599 920 1664 Metrodorus
941 1621 1051 1663 revera
1072 1601 1135 1664 fuit
1156 1601 1332 1665 Athenien·

187 1712 246 1794 sis,
274 1711 369 1795 plane
391 1730 458 1773 non
481 1709 597 1793 liquet,
627 1709 702 1793 quid
725 1710 786 1773 sibi
814 1710 951 1774 voluerit
973 1709 1168 1794 comparatio
1197 1710 1259 1773 ista
1282 1709 1332 1774 Oi-

188 1820 327 1902 ceroniS,
362 1819 479 1902 quippe
502 1841 596 1902 quem
624 1822 692 1883 tam
719 1820 827 1903 inepte
850 1823 883 1884 et
909 1820 1146 1885 inconsiderate
1169 1819 1333 1903 scripsisse

187 1931 277 1995 nullo
299 1932 393 2013 pacto
424 1951 495 1992 cum
518 1928 669 1993 Tischero
699 1930 950 2014 consentiamus,
979 1930 1126 1994 adhunc
1148 1931 1253 1994 locum
1276 1952 1333 1993 an-

187 2043 337 2122 notante,
372 2039 644 2122 comparationem
671 2039 711 2103 ad
738 2040 939 2124 propositum
968 2038 1241 2124 comprobandum
1267 2061 1334 2104 non

43 2196 48 2203 -
81 2152 83 2156 ⁸
189 2172 258 2214 esse
273 2152 395 2252 aptam,
419 2149 674 2232 quandoquidem
686 2148 887 2213 Metrodorus
910 2150 1006 2213 fuerit
1020 2149 1238 2214 Atheniensis
1282 2150 1335 2214 En

188 2262 299 2324 notam
328 2262 453 2322 acutam
475 2258 618 2342 beneque
648 2260 876 2343 excogitatam!
907 2257 1093 2322 Ciceronem
1120 2280 1194 2322 vero
1217 2259 1334 2323 Metro·

190 2372 302 2434 dorum
325 2370 371 2433 sic
394 2391 465 2433 cum
480 2369 621 2453 Epicuro
645 2369 796 2433 collatum
820 2368 961 2452 ejusdem
984 2367 1173 2452 discipulum
1195 2370 1335 2454 intelligi

189 2481 328 2546 voluisse
350 2502 388 2543 ex
410 2479 510 2563 ipsius
533 2501 592 2543 usu
615 2482 758 2562 apparet.
800 2478 886 2544 Nam
909 2479 977 2543 solo
1000 2477 1175 2543 Metrodori
1204 2480 1335 2543 nomine

89 2607 111 2665 J
190 2591 322 2675 ubique,
346 2592 478 2672 excepta
500 2589 637 2672 epistula
660 2589 700 2652 ad
721 2588 872 2653 Tironem
896 2589 1019 2673 (epistt.
1044 2588 1084 2652 ad
1099 2589 1222 2654 Divers.
1247 2589 1335 2673 XVI,

190 2701 269 2786 20),
302 2701 356 2764 ubi
384 2699 542 2763 medicum
572 2698 744 2781 quendam,
778 2702 814 2761 ut
840 2699 979 2781 videtur,
1014 2699 1053 2762 de
1087 2699 1198 2763 amicis
1225 2699 1337 2763 leviter

190 2812 311 2896 tangit,
341 2810 446 2892 illum,
476 2809 514 2872 de
536 2830 599 2891 quo
621 2830 680 2873 nos
703 2809 843 2893 agimus,
868 2809 1014 2892 denotat,
1043 2809 1183 2892 alioquin
1206 2809 1336 2893 addens,

192 2922 330 3006 cujatem
353 2920 447 2983 dieat.
492 2918 604 3001 Neque
627 2921 735 2982 tamen
758 2918 940 3001 defuerunt,
971 2919 1024 3002 qui
1047 2919 1265 2983 Metrodorum
1287 2921 1337 2983 vel
1426 2990 1430 2995 ,

192 3031 480 3107 Stratonicensem,
509 3029 560 3092 vel
583 3028 694 3111 etiam,
722 3030 758 3091 ut
779 3028 961 3111 Emestius,
985 3028 1149 3113 Scepsium
1170 3028 1337 3093 Mithrida-

191 3142 234 3205 tis
261 3140 292 3204 V
318 3139 555 3222 Eupatorisque
588 3139 785 3222 temporibus
818 3138 986 3202 florentem
1014 3138 1240 3224 intelligerent.
1287 3140 1335 3205 of.
1403 3210 1404 3213 Ἴ

193 3251 308 3316 Moser.
331 3250 371 3313 ad
394 3248 458 3315 cic.
481 3248 621 3316 Tuscull.
644 3247 756 3331 Dispp.
781 3249 802 3312 l.
826 3249 846 3312 l.

279 3360 340 3425 Sed
359 3361 428 3443 jam
450 3379 620 3442 pergamus
643 3359 682 3421 ad
705 3359 810 3440 ipsum
832 3357 988 3443 Diogenis
1010 3359 1127 3423 locum.

279 3470 471 3533 Illustriores
494 3468 626 3552 Epicuri
654 3468 826 3552 discipulos
849 3490 917 3533 sese
944 3470 1174 3534 recensiturum
1203 3471 1339 3554 scriptor

194 3584 262 3667 ipse
289 3578 457 3665 praedicit:
486 3582 625 3659 μαθητὰ(
647 3616 688 3626 -
710 3581 836 3661 εφόδρα
863 3583 898 3645 δὲ
921 3581 1119 3658 aromaca.
1163 3579 1339 3644 Metrodori
1468 3618 1473 3625 -

194 3691 357 3756 mentione
377 3690 463 3754 facta
476 3690 674 3773 Polyaenum
694 3690 843 3773 producit
857 3694 890 3754 et
903 3688 1145 3753 Hermarchum.
1175 3672 1236 3764 Qui
1251 3713 1339 3774 prae-

195 3807 244 3867 ter
265 3802 324 3865 hos
347 3802 473 3882 (φόδρα
494 3800 684 3881 ἐλλογίμου(
712 3800 907 3864 inducuntur
928 3800 1091 3880 ἐλλόγιμοι
1115 3799 1152 3884 (ξ
1175 3800 1217 3863 25
1239 3800 1340 3874 meda

195 3915 246 3979 καὶ
262 3911 352 3978 οὗτοι
368 3912 425 3989 μὲν
441 3911 635 3997 ἐλλόγιμοι),
658 3911 681 3973 ii
704 3910 783 3974 locis
805 3910 981 3974 innumeris
1003 3910 1086 3994 apud
1106 3910 1286 3994 Diogenem
1309 3915 1341 3974 et

100 4104 103 4109 Ι
196 4020 402 4086 Plutarchum
423 4021 543 4104 pariter
565 4024 659 4105 atque
681 4019 716 4085 in
736 4019 961 4085 Voluminibus
977 4019 1269 4084 Herculanensibus
1292 4021 1340 4084 in·

264 4288 285 4353 e)
303 4286 344 4338 De
364 4285 529 4352 argumento
549 4281 754 4349 aTimocrate,
776 4282 930 4337 Metrodori
947 4282 1048 4348 fratre,
1066 4282 1187 4352 repetito
1205 4283 1279 4337 infra
1300 4283 1341 4338 di·

197 4385 300 4424 cemus.
