2956 4942
646 257 771 346 537
816 294 856 302 -

176 427 215 491 31
234 426 374 511 seqq.)..·
391 425 439 491 of.
463 424 625 509 opinionis
640 423 878 507 Democriteae,
904 425 1047 510 singulas
1071 425 1195 489 animae
1216 429 1325 509 partes

176 536 313 621 singulis
329 536 471 619 corporis
486 535 630 619 partibus
646 557 714 600 esse
729 538 933 620 conjunctas,
956 536 1183 600 refutationem
1198 535 1324 600 Lucret.

174 646 240 730 111,
263 647 323 712 371
342 668 428 731 seqq.
466 645 518 708 Ab
541 645 728 710 adversariis
751 646 790 710 de
812 645 868 709 illo
891 646 925 710 in
948 645 1090 729 physicis
1114 666 1186 709 oum
1208 644 1324 710 Demo-

174 756 254 821 crito
276 759 446 839 ooncentu,
470 759 506 819 ut
519 739 661 837 videtur,
686 756 828 839 asperius
844 755 1012 839 appellati,
1034 754 1186 838 Epicurei
1201 778 1324 820 summo

174 867 279 931 studio
303 865 548 950 discrepantias,
577 887 657 950 quae
678 866 718 929 iis
741 888 813 930 cum
834 865 1025 950 philosopho
1048 864 1205 930 Abderita
1227 866 1323 930 inter-

174 977 343 1059 cedebant,
373 979 594 1060 exposuerunt.
639 977 746 1060 Atque
767 977 836 1061 ipse
858 976 1012 1061 magister
1033 975 1183 1040 adversus
1206 975 1323 1041 Demo·
1416 973 1425 1056 ζ’

173 1087 287 1151 critum
309 1086 408 1150 libros
432 1086 548 1170 edidit,
571 1085 748 1170 siquidem
770 1086 867 1150 verba
888 1085 1069 1151 Philodemi
1091 1089 1165 1166 περὶ
1186 1087 1321 1168 παῤῥης.
1404 1077 1405 1080 “

87 1217 98 1244 ·
173 1196 208 1262 O.
232 1197 267 1260 P.
289 1195 365 1280 V,2
387 1197 500 1288 fragm.
516 1196 559 1260 20
580 1199 665 1260 recte
688 1197 733 1260 sic
755 1196 920 1281 leguntur:
945 1197 1010 1280 ὡμ)
1031 1197 1067 1262 ἐν
1084 1244 1109 1260 ..
1125 1201 1194 1264 τοῖς
1209 1199 1322 1291 (πρ)ὸς

173 1306 408 1392 Δημόκρ(ι)τον
430 1307 583 1392 ἵςτα(τα)ι
605 1308 657 1373 διὰ
678 1309 792 1374 τέλους
815 1308 1046 1386 ὁἘπίκουρος.
1078 1307 1125 1372 cf.
1147 1306 1320 1372 Metrodor·
1348 1349 1350 1354 ·

172 1418 285 1502 fragm.
308 1440 394 1481 num.
412 1415 537 1480 XXXII
554 1420 587 1480 et
601 1420 711 1481 annot.

325 1561 379 1647 16)
402 1563 508 1641 Πρὸς
530 1563 789 1642 Τιμοκράτην.

256 1671 352 1736 Libe'r
372 1694 391 1735 a
405 1671 550 1756 Diogene
565 1671 691 1735 Laertio
708 1671 747 1754 X,
762 1672 806 1736 24
826 1674 1091 1736 commemoratus
1107 1672 1195 1736 dere
1211 1673 1319 1737 eadem

171 1781 307 1866 scriptus
331 1784 399 1846 erat
421 1785 515 1865 atque

292 1991 294 1996 ,
323 1927 377 2011 17)
400 1927 657 2008 Τιμοκράτης.

253 2035 325 2101 Ηοα
353 2057 431 2120 opus
459 2035 567 2100 laudat
588 2035 750 2121 Diogenes
773 2034 817 2119 X,
844 2036 919 2119 136,
947 2036 1036 2119 cujus
1060 2035 1157 2099 verba
1185 2012 1317 2100 omnino

168 2146 247 2212 haec
274 2148 362 2210 sunt:
391 2147 530 2227 Ὁμοίως
559 2149 595 2213 δὲ
622 2149 672 2212 καὶ
703 2147 820 2230 (paulo
849 2148 923 2210 ante
952 2146 1088 2231 scriptor
1110 2145 1209 2210 libros
1233 2169 1319 2212 oom-

168 2257 274 2340 plures
290 2257 415 2340 citavit,
438 2257 472 2321 in
494 2256 608 2341 quibus
623 2257 801 2342 Epicurum
825 2257 870 2321 ait
891 2257 1088 2340 voluptatem
1111 2260 1143 2321 et
1165 2258 1264 2322 animi
1286 2262 1319 2323 et

169 2367 310 2451 corporis
326 2366 487 2448 statuisse)
510 2370 671 2447 Διογένης
687 2368 722 2433 έν
738 2375 776 2451 τῇ
792 2368 1040 2452 ἑπτακαιδεκάτῃ
1056 2373 1122 2434 τῶν
1143 2369 1316 2436 ἐπιλέκτων

167 2480 219 2542 καὶ
242 2479 462 2558 Μητρόδωρος
484 2478 519 2545 έν
542 2486 590 2561 τῷ
611 2479 798 2559 Τιμοκράτει
821 2479 967 2554 λέγουςιν
991 2479 1111 2543 οὕτως·
1135 2481 1316 2560 νοουμένης

100 2607 104 2620 ’
144 2613 148 2620 ·
168 2589 196 2652 δ’
218 2591 337 2666 ἡδονῆς
358 2593 414 2667 τῆς
436 2609 471 2654 τε
492 2590 572 2653 κατὰ
593 2589 713 2668 κίνηςιν
735 2573 864 2666 καὶτῆς
887 2592 1161 2669 καταςτηματικῆς.

252 2698 324 2762 Etsi
347 2720 398 2781 ea,
421 2720 502 2782 quae
516 2698 569 2762 hic
591 2696 741 2784 legimus,
764 2698 876 2762 verba:
899 2701 1081 2784 voopue‘vnc
1105 2736 1141 2746 —
1166 2721 1314 2781 καταςτη-

167 2814 296 2889 ματικῆς
329 2808 449 2872 directa
481 2809 623 2872 oratione
651 2808 831 2893 Diogenem
863 2808 1025 2872 induxisse
1059 2808 1250 2874 Meibomius
1284 2814 1316 2874 et

167 2917 357 2982 Huebnerus
373 2921 458 2983 recte
474 2918 671 2994 existimant,
683 2918 765 3002 utri,
782 2940 913 3002 quaeso,
929 2919 1133 2983 tribuantur?
1156 2918 1205 2982 De
1220 2917 1314 2985 reb'us

167 3027 377 3094 Timocrateis
400 3051 496 3112 supra
518 3027 660 3092 disserui.

237 3248 239 3253 ⁴
320 3180 373 3267 18)
395 3184 501 3261 Πρὸς
524 3182 732 3262 Τίμαρχον.

250 3290 322 3354 Huc
345 3293 469 3374 spectat
489 3290 679 3356 Plutarchus
702 3291 771 3356 adv.
795 3291 897 3358 Oolot.
923 3290 1063 3356 111713:
1087 3292 1157 3357 ἀλλ’
1182 3293 1269 3374 ὅμως
1293 3295 1311 3358 ὁ

165 3403 222 3481 μὲν
251 3402 471 3481 Μητρόδωρος
506 3404 564 3468 τὸν
592 3403 755 3483 Τίμαρχον
790 3406 988 3482 παρακαλῶν
1022 3424 1098 3484 φηςι
1126 3405 1190 3467 κτλ.
1235 3402 1310 3467 Vid.

165 3511 298 3596 Metrod.
330 3512 445 3596 fragm.
474 3533 561 3575 num.
583 3511 670 3576 XIV.
721 3512 749 3576 E
778 3533 855 3576 voce
882 3515 1079 3591 παρακαλῶν
1108 3533 1174 3575 non
1195 3512 1310 3596 minus,

165 3644 260 3704 quam
294 3644 311 3685 e
337 3621 478 3686 numeris
506 3626 731 3703 πληθυντικοῑς
761 3623 795 3686 in
827 3623 897 3706 ipso
925 3623 1108 3706 fragmento
1136 3622 1310 3706 usurpatis:

164 3734 367 3813 ποιήςαιμεν,
390 3733 593 3817 καταδύντες,
615 3733 866 3817 ἀπαλλαγέντες,
887 3732 1054 3817 perspicue
1077 3733 1311 3816 cognoscimus,

163 3842 368 3907 Timarchum
391 3842 431 3906 ab
453 3842 585 3926 Epicuri
606 3842 716 3907 schola
737 3865 804 3907 non
826 3842 872 3906 ita
894 3843 1034 3907 alienum
1056 3841 1165 3907 fuisse.
1211 3842 1310 3918 Quasi

163 3952 253 4016 molli
282 3951 411 4016 brachio
441 3952 566 4017 videtur
593 3953 755 4038 objurgari
783 3956 819 4018 ut
846 3953 881 4016 in
907 3952 1040 4016 nimiam
1065 3973 1172 4016 rerum
1193 3951 1309 4036 Epicu-

162 4084 288 4128 rearum
315 4062 470 4141 incuriam
498 4062 654 4147 delapsus.
710 4063 786 4128 Sine
814 4063 910 4128 dubio
938 4063 1023 4127 idem
1045 4061 1231 4126 Timarchus
1254 4066 1310 4126 est

163 4175 258 4255 atque
285 4172 338 4237 ille
366 4175 529 4240 νεανίςκος
557 4173 716 4237 formosus
745 4177 777 4238 et
797 4173 929 4258 Epicuri
951 4173 1092 4237 aemulus
1117 4174 1307 4262 Κηφιςιᾶάεν

163 4283 329 4366 oriundus,
353 4304 446 4366 quem
468 4283 647 4368 Alciphron
668 4283 711 4367 II,
733 4285 754 4348 2
776 4284 900 4348 inducit
920 4283 1047 4347 Leontii
1069 4285 1253 4346 amatorem.
