2956 4942
629 306 933 377 ..9,.Α

158 496 244 558 esse,
278 496 350 540 cum
377 475 504 539 aliunde
533 477 675 558 constet,
709 479 777 539 tum
800 475 834 538 in
860 475 930 558 ipso
958 473 1146 539 Timocratis
1174 474 1305 538 nomine

158 589 297 672 ponatur
318 607 447 651 necesse
470 589 520 650 est
540 585 602 649 hoc
624 586 695 649 loco
718 585 944 668 subsequente:
969 588 1132 666 Μαρτυρεῖ
1153 586 1189 651 δὲ
1212 583 1305 670 (Ἐπί-

23 768 35 791 .
159 697 296 781 uoopoc)
330 698 443 763 καὶέν
470 704 516 781 τῷ
544 695 640 780 τρίτῳ
667 695 873 778 ΤιμοκράτΕΙ,
907 717 966 778 pro
995 695 1051 758 illo
1081 694 1158 758 olim
1187 693 1305 776 scripto

159 808 378 888 ΤιμοκράτΗΕ.
423 805 571 871 Ceterum
598 827 717 870 nomen
739 805 947 886 Τιμοκράτεια
974 805 1009 868 in
1037 827 1096 868 usu
1124 803 1238 887 fuisse,
1268 825 1306 866 ex

160 916 254 1001 Corp.
278 916 506 981 Inserantur.
532 915 623 979 1062.
649 915 728 979 1451
754 915 808 1000 (cf.
832 915 884 982 95.
909 914 1004 998 1454)
1029 913 1189 978 discimus,

244 1026 372 1109 Restat,
400 1029 437 1089 ut
465 1025 724 1089 obscurissimum
747 1024 884 1089 Sandem
911 1024 1079 1107 tollamus,
1108 1044 1201 1106 quem
1229 1022 1306 1085 ferri

159 1159 226 1201 non
247 1158 341 1220 posse
359 1137 429 1220 jam
451 1135 741 1200 animadvertimus,

244 1246 403 1330 Equidem
429 1246 491 1309 hoc
517 1266 637 1309 nomen
666 1245 802 1308 arbitror
830 1265 869 1308 ex
896 1245 1059 1310 vocabulis
1087 1247 1198 1308 natum
1228 1265 1306 1326 esse,

160 1357 274 1442 quibus
306 1356 469 1441 Diogenes
496 1355 713 1419 Metrodorum
748 1355 847 1418 fuisse
874 1353 1125 1437 Lampsacenum
1160 1374 1307 1436 expresse

162 1468 299 1550 dixerat,
335 1466 452 1551 quippe
483 1465 534 1529 cui
562 1467 693 1548 excepto
722 1463 920 1528 Hermarcho
949 1464 1144 1547 Mitylenaeo
1173 1465 1308 1547 quatuor

163 1577 330 1661 (quinque)
347 1577 428 1642 serie
443 1576 595 1640 continua
610 1574 784 1638 addidisset
798 1574 1041 1657 Lampsacenos
1063 1573 1110 1650 ,N
1111 1595 1223 1656 amque
1238 1594 1307 1655 per·
1394 1571 1396 1577 ’

161 1688 211 1773 git
232 1689 271 1768 ἦν
294 1690 346 1753 καὶ
369 1688 419 1772 (ut
441 1707 512 1750 cum
529 1685 650 1750 Cobeto
672 1707 825 1768 reponam
847 1706 905 1768 pro
926 1686 966 1765 ἦν
987 1684 1036 1770 δὲ)
1059 1685 1243 1749 Πολύαινος
1266 1719 1308 1730 -

161 1799 392 1880 Λαμψακηνός,
413 1799 483 1859 tum
498 1797 654 1863 decutet(
669 1817 702 1860 τε
717 1797 933 1877 Λαμψακηνὸς
956 1795 1076 1876 ὁμοίως
1096 1795 1146 1859 καὶ
1162 1794 1307 1874 Θέμιετα,

162 1907 276 1974 deinde
298 1909 345 1974 ἔτι
365 1929 399 1972 τε
417 1907 565 1985 Κολώτης
588 1908 639 1970 καὶ
660 1907 851 1989 Ἰδομενεὺς,
874 1907 937 1971 καὶ
957 1906 1072 1969 αὐτοὶ
1088 1903 1307 1984 Λαμψακηνοί.

161 2018 272 2101 Itaque
286 2037 344 2100 pro
361 2017 525 2083 (ΑΝΔΗΝ
550 2015 660 2078 malim
680 2016 759 2081 ΤΟΝ
783 2017 842 2082 ΔΗ
867 2015 916 2079 vel
931 2013 1034 2079 simile
1050 2012 1125 2097 quid
1149 2011 1308 2094 substitui,

22 2119 41 2135 ⁹
163 2127 247 2212 quod
262 2126 439 2211 significet:
463 2124 681 2188 Metrodorum
704 2127 798 2208 atque
817 2147 888 2189 eum
904 2124 1031 2209 quidem
1046 2123 1307 2208 Lampsacenum.

163 2236 225 2302 Sed
246 2236 325 2300 haec
347 2235 510 2300 hactenus.
598 2229 609 2250 ‘

247 2345 465 2409 Metrodorum
488 2346 585 2408 fratre
607 2366 699 2408 usum
728 2367 796 2409 esse
819 2368 852 2409 se
875 2347 945 2428 ipso
968 2345 1210 2428 Timocrateque
1233 2346 1311 2408 natu

162 2458 299 2541 majore,
322 2479 339 2519 e
362 2456 433 2520 loco
449 2455 627 2519 Philodemi
651 2455 703 2540 (de
725 2456 772 2519 ira
794 2455 842 2519 ed.
860 2455 1027 2538 Gomperz.
1050 2477 1123 2538 pag.
1139 2455 1191 2536 49,
1215 2452 1250 2518 Ο.
1267 2453 1308 2516 Α.

163 2568 188 2651 Ι,
210 2567 275 2630 tab.
290 2566 342 2631 35.
366 2566 425 2632 Ox.
441 2564 467 2647 Ι,
482 2564 539 2650 45)
563 2567 709 2648 apparet,
732 2565 786 2628 ubi
809 2567 936 2629 exstant
956 2564 1088 2629 haecce:
1120 2566 1164 2630 ὼε
1186 2567 1237 2629 καὶ
1259 2565 1309 2629 Τι-

163 2678 325 2757 μοκράτην
352 2678 448 2757 φηεὶν
476 2676 494 2740 ὁ
518 2677 739 2754 Μητρόδωρος
766 2684 812 2760 τῷ
834 2676 1040 2760 πρεεβυτάτῳ
1063 2683 1128 2741 τῶν
1156 2674 1309 2755 ἀδελφῶν

163 2787 387 2868 Α.ΤοΡΙΔΗΙ,
422 2784 507 2869 quod
529 2786 698 2870 ΑΚΤορίδῃ
728 2807 797 2849 esse
826 2807 897 2849 cum
927 2784 1099 2870 Spengelio
1129 2783 1309 2868 (Philolog.

163 2898 184 2961 l.
200 2918 227 2960 c.
243 2917 316 2981 pag.
332 2895 410 2979 502)
434 2898 466 2958 et
480 2893 675 2958 Buechelero
701 2894 900 2979 (Zeitschrist
914 2894 965 2958 fiir
980 2895 1010 2959 d.
1029 2898 1138 2959 dsterr.
1156 2894 1309 2977 Gymnas.

127 3038 134 3053 ι
163 3029 194 3090 p.
210 3006 269 3070 581
288 3027 366 3089 seq,
391 3006 616 3089 argumentum
639 3005 699 3068 col.
715 3004 794 3089 XII)
818 3005 1050 3087 consentimus,
1072 3004 1149 3068 licet
1170 3003 1232 3067 hoc
1253 3025 1310 3066 no-

164 3138 238 3180 men
259 3137 416 3199 nusquam
439 3114 516 3178 alibi
540 3118 694 3179 occurrat.
733 3114 895 3198 Sororem,
919 3114 969 3178 cui
984 3136 1103 3178 nomen
1121 3115 1188 3177 erat
1203 3112 1311 3176 Batidi

165 3224 280 3311 (Diog.
304 3224 409 3288 Laert.
434 3224 479 3308 X,
502 3225 584 3310 23),
622 3224 794 3289 Idomeneo
822 3224 981 3308 Epicureo
1009 3225 1044 3288 in
1071 3223 1312 3288 matrimonium

165 3334 266 3418 dedit,
292 3334 395 3398 nobili
422 3334 471 3399 illi
500 3334 629 3418 quidem
657 3335 719 3399 civi
740 3334 958 3419 Lampsaceno
988 3335 1079 3420 (ibid.
1104 3334 1197 3417 §25,
1227 3333 1312 3416 qnod

164 3444 340 3510 Metrodori
361 3445 483 3527 patriae
506 3445 587 3509 bene
610 3446 789 3531 convenit),
818 3448 912 3528 atque
934 3444 1140 3509 historiarum
1163 3444 1312 3526 scriptori

166 3554 248 3640 (vid.
276 3555 424 3640 fragmm.
454 3555 538 3638 apud
560 3554 732 3620 Miillerum
760 3555 909 3640 fragmm.
938 3555 1012 3619 hist.
1041 3575 1145 3640 graec.
1174 3552 1243 3637 ΙΙ),
1273 3553 1311 3616 de

164 3666 253 3749 cujus
268 3665 335 3729 vita
351 3668 383 3728 et
395 3665 522 3750 scriptis
539 3665 684 3729 conferas
696 3665 863 3730 Sintenisii
878 3687 1044 3730 excursum
1055 3664 1086 3730 V
1098 3664 1137 3728 ad
1150 3661 1310 3727 Plutarch.

164 3774 277 3839 Pericl.

249 3884 393 3949 Primum
407 3884 575 3968 Lampsaci
590 3885 808 3951 Metrodorum
824 3887 904 3951 vidit
918 3886 1086 3971 Epicurus
1108 3885 1163 3950 ubi
1178 3883 1313 3968 triginta

164 4016 267 4059 annos
294 3997 389 4058 natus
421 3993 564 4060 scholam
592 3996 777 4061 instituerat
805 3996 926 4082 (Diog.
949 3996 1052 4061 Laert.
1077 3996 1121 4079 X,
1146 3994 1186 4058 15
1207 3993 1311 4076 init),

165 4126 260 4189 quam
282 4106 386 4168 aetate
402 4104 468 4169 fere
483 4105 600 4190 viginti
622 4127 780 4172 annorum
801 4108 1058 4190 frequentantem
1081 4106 1158 4170 adeo
1175 4105 1236 4169 sibi
1259 4103 1311 4167 ad-

162 4212 285 4298 junxit,
313 4217 350 4279 ut
371 4217 453 4280 teste
475 4215 621 4303 Diogene
646 4215 706 4300 (X,
728 4216 786 4302 22)
815 4216 989 4300 discipulus
1016 4216 1090 4280 inde
1118 4238 1137 4279 a
1158 4217 1311 4298 tempore,

166 4346 230 4410 quo
254 4327 450 4410 cognoverat
471 4326 675 4410 magistrum,
698 4326 738 4390 ab
761 4327 829 4409 ejus
844 4327 941 4392 latere
963 4346 1030 4391 non
1052 4325 1229 4390 discederet
1249 4324 1312 4388 nisi
