2956 4942
627 300 837 361 ...11-

151 466 361 553 ¹Metrodorus
383 466 535 549 maxima,
558 467 747 551 magistrum
770 490 920 552 sequens,
944 469 1007 553 qui,
1031 469 1222 554 discipulum
1244 471 1305 534 sibi

38 620 41 625 -
158 579 372 662 postponens,
397 577 555 660 gloriatur
584 575 676 661 (Son.
700 578 791 661 epist.
814 577 961 665 XVIH),
989 601 1056 643 non
1083 582 1152 643 toto
1180 602 1249 644 asse
1271 603 1305 644 se

158 686 259 772 pasci,
282 685 515 768 Metrodorum,
539 687 593 770 qui
615 687 758 751 nondum
779 690 905 751 tantum
926 689 1113 772 profecerit,
1135 692 1215 753 toto.
1253 689 1302 755 of.

158 796 254 882 Diog.
277 796 380 861 Laert.
401 794 445 878 X,
470 798 528 861 131
551 818 627 880 seq·
646 796 734 861 Stob.
756 798 850 861 floril.
873 797 982 881 XVII,
1004 800 1056 863 34.
1093 797 1166 864 Seu.
1188 799 1227 863 de
1248 800 1303 864 vit.

158 908 241 972 beat.
258 907 305 971 12.
313 907 352 970 al.
382 906 552 970 Praeterea
565 906 768 972 Philodemus
784 907 822 972 de
837 908 908 973 vitt.
924 909 1009 972 virtt
1027 929 1137 992 oppos.
1155 908 1188 974 C.
1196 909 1231 973 P.
1240 909 1299 973 III.

160 1017 276 1081 00121
298 1016 517 1081 Metrodorum
544 1020 617 1097 περὶ
639 1019 824 1099 οἰκονομία(
851 1018 1015 1102 scripsisse
1043 1020 1177 1082 testatus
1201 1018 1304 1083 addit:

160 1129 212 1192 καὶ
232 1133 337 1193 ποιῶν
360 1127 465 1197 αὐτός.

180 1256 183 1259 ’
244 1235 336 1302 Unde
359 1235 578 1320 dijudicanda,
602 1259 681 1320 quae
697 1237 893 1302 Timocrates
916 1237 1044 1302 scholae
1058 1238 1234 1322 Epicureae
1250 1240 1304 1303 ob

157 1346 235 1430 jecit
263 1345 373 1430 (Diog.
397 1346 500 1411 Laert.
524 1346 570 1428 X,
598 1347 626 1411 6.
650 1348 700 1432 7),
737 1370 879 1431 quaeque
907 1348 946 1412 de
973 1348 1049 1432 gpla
1074 1347 1305 1431 Epicureorum

160 1457 462 1521 circumferebantur
489 1457 608 1541 partim
637 1457 710 1522 odio
733 1458 883 1539 conficta,
912 1458 1030 1541 partim
1057 1457 1150 1522 dictis
1179 1459 1305 1542 quibus-

108 1645 111 1650 ,
159 1567 232 1630 dam
246 1566 379 1650 Epicuri
395 1569 427 1630 et
440 1565 617 1631 Metrodori
629 1567 654 1651 ⁰)
677 1589 766 1632 secus
789 1568 960 1632 intellectis
983 1568 1128 1632 excitata.
1168 1567 1217 1632 De
1239 1590 1306 1633 mo·

158 1677 246 1741 ribus
268 1698 343 1742 vero
367 1677 514 1767 discipuli
536 1677 570 1740 in
589 1677 772 1741 universum
794 1677 1015 1741 testimonium
1032 1679 1138 1762 'ipsius
1160 1678 1305 1762 magistri

157 1787 312 1852 habemus
334 1809 372 1850 ex
393 1787 495 1871 primo
519 1787 657 1870 quinque
680 1787 850 1871 librorum,
874 1809 952 1871 quos
968 1788 1007 1852 de
1023 1788 1207 1853 Metrodoro
1230 1788 1306 1852 scri-

158 1898 239 1981 psit,
264 1896 393 1983 aDiog.
410 1896 513 1960 Laert.
530 1896 569 1979 X,
585 1896 627 1961 23
649 1897 826 1962 laudatum:
849 1899 889 1978 ἦν
911 1901 947 1963 δὲ
967 1899 1208 1976 ἀκατάπληκτος
1223 1899 1305 1977 πρό(

159 2028 193 2073 τε
220 2009 277 2073 τὰε
305 2008 450 2087 ὀχλήεειε
472 2008 602 2073 καὶτὸν
625 2009 785 2087 θάνατον,
814 2008 864 2072 cui
886 2008 970 2072 idem
992 2008 1069 2090 §23
1090 2009 1135 2071 in.
1165 2030 1203 2072 ex
1234 2007 1306 2071 aliis

159 2116 290 2201 Epicuri
317 2117 407 2181 libris
435 2116 537 2180 addit:
566 2119 682 2193 γέγονε
710 2120 745 2184 δὲ
768 2119 887 2195 ἀγαθὸτ
916 2121 995 2184 κατὰ
1023 2119 1138 2184 πάντα.
1182 2118 1304 2192 Quibus

159 2227 264 2291 verbis
286 2227 440 2311 magister
461 2249 570 2291 verum
593 2249 684 2291 suum
707 2229 843 2291 amioum
866 2229 1043 2313 sapientem
1065 2228 1163 2291 fuisse
1185 2228 1304 2291 indica-

159 2337 223 2419 vit,
245 2359 339 2420 quem
362 2336 458 2401 etiam
480 2338 656 2420 sapientem
679 2339 852 2420 appellavit
872 2341 955 2402 teste
977 2337 1132 2403 Cicerone
1155 2337 1193 2401 de
1216 2337 1302 2400 finib.

160 2446 202 2529 II,
222 2449 252 2529 3,
274 2449 301 2511 7.
347 2447 429 2511 Sane
451 2446 615 2511 habuisset
637 2447 761 2530 Cicero,
785 2448 870 2531 quod
891 2448 1024 2531 rideret,
1053 2448 1080 2511 si
1102 2447 1305 2511 Metrodorus

161 2579 195 2620 se
217 2557 285 2641 ipse
308 2556 484 2641 sapientem
507 2557 714 2640 declarasset,
737 2558 868 2622 minime
883 2561 991 2622 tamen
1006 2557 1139 2640 habuit,
1157 2559 1231 2641 quia
1252 2557 1307 2621 ille

160 2667 347 2750 „repudiare
368 2670 493 2731 tantum
515 2668 726 2732 beneficium“
747 2669 894 2732 noluerit.

245 2776 395 2857 Testatur
421 2799 517 2861 porro
545 2778 702 2842 Lucienus
730 2778 821 2844 Alex.
847 2780 901 2862 17,
929 2801 993 2842 una
1020 2799 1092 2842 oum
1121 2775 1306 2840 Democrito

161 2888 194 2950 et
215 2885 355 2969 Epicuro
385 2887 480 2951 etiam
503 2888 722 2953 Metrodorum
750 2889 789 2952 ab
812 2889 900 2952 omni
922 2909 1040 2973 genere
1070 2886 1306 2969 superstitionis

161 2996 411 3080 opinionumque
431 2998 536 3062 inanis
552 2998 718 3084 religionis
733 2999 1025 3062 commenticiarum
1048 2997 1183 3061 liberum
1198 2996 1306 3078 fuisse,

162 3127 217 3170 eos
230 3107 456 3188 ἀδαμαντίνην
479 3111 560 3189 πρὸ(
583 3114 681 3174 ταῦτα
702 3112 760 3189 τὴν
782 3110 912 3189 γνώμην
941 3107 1086 3191 professo
1109 3127 1178 3170 esse
1200 3106 1307 3169 existi·

93 3218 97 3223 '
162 3238 261 3280 mans.
299 3216 419 3300 Neque
441 3217 531 3302 parvi
552 3217 736 3282 faciundum
759 3217 852 3300 illud,
881 3216 966 3301 quod
987 3215 1196 3298 Plutarchus,
1226 3218 1258 3278 et
1279 3215 1307 3279 is

162 3326 289 3410 quidem
304 3326 438 3410 invitm,
460 3327 573 3411 tradit,
597 3329 791 3411 exemplum,
809 3327 985 3392 Metrodori
1001 3326 1142 3390 animum
1158 3325 1307 3389 adversus

162 3436 302 3521 pericula
323 3439 440 3502 fortem
462 3440 638 3502 ostentans.
682 3437 870 3522 Reperimus
893 3437 977 3501 enim
1001 3437 1081 3522 (non
1103 3457 1198 3518 posse
1221 3457 1306 3498 suav.

161 3547 223 3611 viv.
249 3547 445 3612 11197Βο0.
469 3547 642 3632 Duebner.)
672 3547 801 3612 haecce:
831 3549 902 3614 οἵας
930 3548 1045 3629 φωνὰ(
1072 3546 1197 3628 ἀφῆκεν
1225 3547 1306 3611 Ἐπί-

163 3680 295 3739 κουροε,
324 3658 377 3724 οἷα
406 3662 441 3724 δὲ
464 3659 631 3740 γράμματα
658 3663 727 3724 coit
755 3660 862 3739 φίλοι(
891 3659 1036 3738 ἔπεμψεν
1060 3658 1170 3735 ὑμνῶν
1194 3677 1228 3721 τε
1256 3658 1308 3720 καὶ

162 3770 352 3849 μεγαλύνων
377 3769 614 3849 Μητρόδωρον,
637 3769 682 3833 ὼε
704 3769 767 3851 „eir
783 3791 818 3833 τε
835 3770 886 3834 καὶ
900 3767 1084 3834 νεανικῶ(“
1108 3766 1308 3850 (senescebat

162 3878 261 3964 igitur
283 3878 498 3961 Metrodorus)
527 3880 559 3947 ἐξ
587 3879 708 3944 ἄετεωε
735 3879 834 3944 ἅλαδε
863 3879 977 3960 κατέβη
1002 3878 1113 3960 Μίθρτμ
1142 3882 1187 3960 τῷ
1216 3876 1306 3959 capp

164 3991 339 4070 βοηθήεων.
389 3987 461 4052 Huc
489 3988 604 4052 iterum
626 3988 789 4052 Plutarchi
818 3988 946 4052 deflexit
972 3987 1074 4051 oratio
1102 3985 1171 4049 adv.
1201 3984 1305 4050 Colot.

165 4098 246 4162 1126
261 4097 300 4162 E.
315 4097 356 4162 E:
379 4098 481 4172 καίτοι
502 4098 552 4163 ὅτι
569 4100 788 4178 Μητρόδωροε
811 4099 855 4165 εἰ(
869 4101 1004 4178 Πειραιᾶ
1025 4097 1139 4178 κατέβη
1162 4095 1307 4160 (ταδίουε

232 4336 253 4403 ⁶)
272 4334 335 4390 Vid.
353 4335 471 4391 Metrod.
489 4336 618 4406 fragmm.
637 4353 711 4390 num.
723 4335 762 4389 VI
774 4351 852 4402 seqq.
