2956 4942
638 319 846 382 ..44..

167 490 327 573 prolatum
355 510 432 552 esse.
483 487 586 563 Quare
614 510 692 552 num
719 487 768 551 vir
800 487 1001 552 doctissimus
1029 510 1136 552 veram
1163 487 1315 572 Epicurei

150 590 361 664 'intellexerit
382 598 581 682 opinionem,
611 597 804 662 addubitem.
849 597 984 662 Videtur
1005 597 1113 682 potius
1141 599 1197 663 illa
1218 599 1315 663 verba

168 709 327 792 accepisse
344 709 462 773 devita
482 711 557 792 post
571 711 706 773 mortem
727 708 834 772 futura
849 708 877 772 si
890 729 958 771 non
979 708 1109 791 inscite,
1133 711 1217 774 certe
1240 730 1314 774 con·

50 827 59 845 ⁹
167 820 261 883 sulto.
306 818 353 884 Of.
378 818 525 884 Gentian.
549 818 723 883 Hervetum
746 818 786 882 ad
806 818 838 882 h.
855 818 894 882 l.:
917 817 1117 901 „admonens
1140 819 1313 884 Menestra-
1404 863 1408 869 ·

167 933 250 1013 tum,
273 933 310 993 ut
331 951 404 994 cum
419 930 462 993 sit
483 929 628 994 mortalis
652 967 690 975 —
714 929 820 992 anima
842 927 992 992 ascendat
1014 930 1046 992 et
1068 929 1311 1013 contempletur,

168 1041 268 1104 donec
282 1039 388 1104 videat
403 1041 543 1104 seculum
559 1061 615 1104 seu
632 1061 759 1123 aevum,
782 1040 818 1103 id
842 1041 902 1103 est
923 1039 1231 1122 aeternitatem‘f
1253 1043 1312 1105 cet.

167 1149 243 1215 Non
270 1152 387 1232 καίτοι,
421 1151 476 1214 sed
509 1150 659 1234 quoniam
689 1135 752 1214 fuit
777 1149 968 1233 Epicureus,
1000 1149 1079 1213 haec
1107 1149 1188 1213 dixit
1217 1150 1314 1214 verba

167 1259 539 1344 Metrodorus,·qu0rum
560 1261 718 1325 sententia
739 1282 807 1325 non
828 1261 874 1325 ita
892 1259 1065 1344 judicanda
1086 1263 1135 1324 est
1157 1261 1254 1344 elata,
1277 1263 1314 1324 ut

167 1392 204 1434 ea
224 1369 435 1454 philosophus
459 1372 577 1438 ἐνθέως
599 1371 713 1436 fecisse
735 1370 888 1435 videatur.
931 1369 1038 1434 Etiam
1053 1369 1201 1452 Pythocli
1223 1391 1312 1454 prae-

169 1481 247 1564 cipit
273 1480 431 1564 Epicurus
460 1481 543 1565 apud
571 1479 751 1566 Diogenem
778 1480 822 1564 X,
853 1480 927 1544 116:
967 1481 1099 1561 μάλιςτα
1127 1483 1163 1546 δὲ
1191 1488 1312 1566 ςεαυτῷ

168 1592 346 1657 ἀποδώςεις
368 1594 426 1670 τὴν
443 1598 510 1659 τῶν
533 1592 643 1672 ἀρχῶν
666 1595 718 1657 καὶ
739 1591 884 1671 ἀπειρίας
906 1592 956 1656 καὶ
970 1597 1037 1657 τῶν
1052 1598 1216 1669 ςυγγενιῦν
1239 1592 1312 1657 τοῦ-

168 1724 235 1769 τοις
264 1703 409 1782 θεωρίαν.
452 1700 703 1766 Perscrutandae
730 1722 834 1765 rerum
857 1701 1024 1764 infinitatis
1046 1701 1119 1764 finis
1147 1701 1182 1764 iu
1204 1722 1242 1765 eo
1265 1704 1314 1765 est

167 1812 304 1896 positus,
332 1815 369 1875 ut
389 1815 517 1876 nosmet
543 1812 605 1897 ipsi
628 1811 831 1896 expediamus
855 1833 893 1875 ex
915 1811 1095 1875 fabularum
1115 1815 1217 1896 metu,
1245 1812 1313 1894 qui·

167 1922 225 1986 bus
248 1922 346 1986 vitam
368 1925 442 2006 post
464 1922 600 2006 obitum,
623 1945 718 2006 quam
734 1922 856 2005 dicunt,
880 1922 1019 1986 futuram
1040 1921 1187 1985 homines
1209 1922 1312 2006 inepti

168 2033 413 2117 compleverunt.
443 2033 556 2116 Neque
572 2033 657 2097 enim
673 2055 711 2097 ex
725 2033 820 2097 rebus
835 2032 1014 2096 terminatis
1029 2030 1175 2096 homines
1191 2053 1312 2117 angore

167 2143 298 2208 cruciati
320 2145 517 2230 voluptatem
530 2143 705 2227 perfectam
728 2165 840 2227 capere
854 2146 998 2227 possunt.
1030 2141 1077 2208 Of.
1094 2142 1189 2226 Diog.
1205 2141 1310 2206 Laert.

166 2255 212 2337 X,
238 2253 400 2319 142143.
444 2254 675 2318 Menestratum
696 2275 788 2337 vero,
817 2253 960 2338 quamvis
983 2253 1089 2316 animo
1118 2253 1313 2316 ascendisset

166 2386 264 2449 usque
287 2365 326 2429 ad
347 2387 398 2429 res
419 2386 587 2448 rerumque
609 2386 718 2428 causas
741 2363 917 2428 accuratius
941 2363 1101 2448 cognitas,
1131 2384 1234 2446 neque
1256 2362 1311 2426 ha-

166 2475 287 2539 buisset
309 2476 353 2540 eis
376 2475 529 2561 cognitis,
557 2476 642 2560 quod
664 2478 836 2558 metueret,
864 2474 967 2537 denuo
989 2473 1167 2538 futurorum
1195 2473 1312 2537 timore

165 2585 290 2649 videtur
310 2586 409 2650 fuisse
432 2585 611 2651 obstrictus.
658 2584 705 2650 of.
729 2585 864 2649 Metrod.
889 2585 1012 2666 scriptt.
1035 2585 1188 2675 numl9.

709 2754 759 2809 lv.

317 2856 478 2921 Plutarch.
501 2879 568 2921 non
589 2879 683 2941 posse
706 2878 790 2920 suav.
815 2856 875 2920 viv.
901 2855 980 2919 1091
998 2856 1036 2919 A.

250 2968 308 3034 Ὥς
331 2969 406 3048 φηςὶ
429 2969 647 3049 Μητρόδωρος
676 2969 710 3034 ἐν
738 2971 806 3032 τοῖς
828 2967 910 3046 πρὸς
931 2968 1007 3033 τοὺς
1031 2967 1196 3048 ςοφιςτάς·
1230 2968 1309 3033 ὥςτε

132 3077 136 3085 ’
164 3085 261 3144 τοῦτο
284 3079 363 3146 αὐτὸ
387 3079 509 3156 ἀγαθόν
532 3080 595 3143 ἑςτι
617 3081 655 3144 τὸ
674 3082 789 3159 φυγεῖν
812 3079 850 3143 τὸ
866 3077 977 3144 κακόν·
1003 3077 1080 3143 ἔνθα
1102 3079 1163 3156 γὰρ
1185 3080 1310 3156 τεθήςε-

164 3211 214 3254 ται
229 3192 267 3256 τὸ
283 3191 422 3268 ἀγαθὸν,
446 3191 505 3255 οῦκ
527 3189 609 3255 ἔςτιν
619 3239 628 3272 ,
651 3189 729 3254 ὁτάν
747 3189 844 3269 μηθὲν
867 3187 914 3253 ἔτι
937 3189 1045 3273 ὑπεξίῃ
1062 3189 1131 3268 μήτ’
1147 3188 1309 3264 ἀλγεινὸν,

164 3301 241 3379 μήτε
264 3283 417 3379 λοπηρόν.

249 3468 377 3553 Optime
400 3468 575 3533 Metrodori
602 3468 818 3553 fragmentum
848 3466 951 3530 verbis
973 3466 1105 3550 Epicuri
1132 3467 1310 3531 illustratur

163 3603 182 3643 a
203 3579 375 3644 Plutarcho
398 3580 547 3662 deinceps
569 3580 690 3642 allatis:
719 3580 815 3659 ὅμοια
838 3580 873 3643 δὲ
895 3580 947 3643 καὶ
967 3579 1006 3642 τὰ
1029 3579 1234 3656 Ἐπικούρου,
1258 3579 1308 3644 λέ-

163 3712 296 3774 γοντος,
322 3693 380 3770 τὴν
402 3696 461 3755 τοῦ
484 3691 607 3766 ἀγαθοῦ
631 3690 726 3769 φῦςιν
749 3691 781 3756 ἐξ
804 3689 901 3767 αὐτῆς
923 3692 978 3766 τῆς
1001 3692 1106 3769 φυγῆς
1127 3693 1185 3753 τοῦ
1208 3694 1308 3754 κακοῦ

163 3803 291 3880 καὶτῆς
313 3798 435 3882 Ιμνήμης
457 3802 508 3865 καὶ
530 3800 734 3876 ἑπιλογίςεαις
755 3801 807 3863 καὶ
828 3799 974 3878 χάριτος,
1004 3797 1053 3863 ὅτι
1076 3803 1173 3864 τοῦτο
1197 3799 1308 3880 ςυμβέ-

164 3918 258 3994 βηκεν
273 3912 362 3994 αὐτῷ
377 3913 563 3985 γεννάςθαι·
585 3910 645 3993 „rt
661 3911 722 3988 γὰρ
737 3909 886 3990 ποιοῦν“,
910 3928 1016 3989 φηςιν,
1043 3908 1308 3992 ,ἀνυπέρβλητον

162 4027 260 4100 γῆθος
289 4023 326 4086 τὸ
354 4022 429 4101 παρ’
456 4019 535 4084 αὐτὸ
565 4020 774 4101 πεφυγμένον
797 4019 876 4098 μέγα
898 4018 1012 4084 κακόν·
1040 4020 1091 4083 καὶ
1113 4019 1191 4099 αὕτη
1214 4020 1308 4100 φύςις
1362 4052 1366 4057 ·

164 4132 302 4217 ἀγαθοῦ,
332 4130 373 4196 ἀν
400 4153 447 4196 τις
469 4130 574 4211 ὀρθῶς
597 4131 753 4213 ἐπιβάλλῃ
761 4176 770 4209 ,
799 4129 908 4194 ἔπειτα
935 4111 1031 4212 (ταθῇ
1059 4130 1110 4193 καὶ
1137 4132 1176 4209 μὴ
1205 4132 1309 4195 κενῶς

163 4244 320 4326 περιπάτῃ
347 4243 421 4321 περὶ
447 4242 571 4318 ἀγαθοῦ
598 4239 756 4319 θρυλῶν“.
802 4237 836 4302 Si
854 4238 942 4322 quie,
972 4237 1121 4321 miratus,
1155 4237 1240 4321 quod
1270 4260 1308 4302 ex

163 4351 224 4415 hoc
245 4349 420 4415 Metrodori
449 4351 594 4417 dictord
617 4350 767 4427 ἀλγεινόν
796 4352 827 4412 et
853 4350 890 4414 τὸ
920 4349 1065 4428 λυπηρόν
1094 4347 1307 4418 necessarium
