2956 4942
665 324 856 385 ..4-

274 489 394 556 Contra
421 489 541 555 Seneca
567 490 776 575 philosophus
802 512 969 575 perperam
994 491 1184 555 nonnemini
1212 489 1335 554 videtur

188 601 223 664 in
244 601 379 664 nimium
400 601 533 684 Epicuri
555 600 695 664 studium
718 601 866 684 delapsus
889 623 972 685 esse,
1001 602 1119 686 quippe
1142 623 1213 665 cum
1235 601 1334 663 mani-

188 711 272 776 festa
289 711 403 794 judicii
425 694 591 775 sinceritas
615 711 670 796 (cf.
694 711 809 775 derit.
833 712 915 776 beat.
940 713 995 797 13)
1019 733 1086 775 non
1109 712 1178 775 sine
1200 711 1334 775 consilio
1461 790 1466 800 Ι

189 822 364 886 omittatur.
401 820 596 904 Neutiquam
619 821 704 884 enim
725 820 937 905 philosophus
953 822 1127 905 Epicurum
1149 821 1335 885 tcmerarius

188 931 332 997 defendit
359 932 398 995 ab
426 931 702 1016 objurgationibus
731 931 911 995 Stoicorum
939 935 1086 1016 recteque
1121 953 1176 995 eos
1204 930 1336 1014 Epicuri

189 1045 379 1125 sectatores,
404 1041 458 1125 qui
472 1041 559 1104 vitiis
581 1041 679 1104 dediti
694 1042 852 1105 luxuriam
867 1063 957 1105 suam
978 1042 1012 1104 in
1026 1040 1249 1125 philosophiae
1265 1041 1336 1103 sinu

188 1148 401 1234 abscondant,
424 1152 463 1215 ab
486 1151 550 1216 illis
566 1151 750 1236 distinguit,
773 1152 828 1235 qui
845 1152 1015 1215 aestiment
1028 1152 1226 1236 voluptatem
1247 1151 1336 1214 illam
1360 1193 1364 1203 =

188 1262 336 1346 Epicuri,
361 1283 456 1344 quam
479 1261 584 1325 sobria
607 1265 639 1325 et
660 1262 744 1326 sicca
767 1261 809 1325 sit
831 1262 867 1347 (l.
891 1284 919 1326 c.
944 1262 1010 1348 12).
1042 1262 1093 1327 Of.
1110 1261 1175 1326 Oic.
1192 1261 1231 1324 de
1246 1260 1334 1324 finib.

187 1373 218 1456 I,
242 1374 276 1452 7,
298 1373 349 1436 25.
394 1372 440 1434 At
467 1372 563 1435 etiam
586 1352 739 1436 Cicerone
762 1372 864 1436 multo
892 1372 1030 1436 severius
1054 1371 1175 1436 Seneca
1196 1370 1335 1453 Epicuro

188 1482 383 1564 adversatur,
407 1503 501 1564 quem
517 1481 758 1566 satis'dignum
772 1480 878 1564 habet,
901 1482 953 1546 cui
974 1480 1184 1565 philosophus
1206 1481 1267 1543 rite
1289 1501 1336 1542 re-

188 1591 353 1676 spondeat.
384 1590 602 1654 Metrodorum
614 1591 743 1675 quidem
758 1592 884 1675 saepius
899 1613 966 1655 non
981 1593 1104 1654 minore
1119 1590 1219 1654 afficit
1233 1591 1335 1672 laude,

188 1723 284 1784 quam
299 1701 502 1785 magistrum,
525 1723 755 1785 nonnunquam
770 1706 879 1765 tamen
902 1700 1043 1786 ejusdem
1060 1701 1234 1765 sententias
1258 1700 1336 1763 acri-

187 1815 237 1876 ter
264 1811 382 1875 refellit
409 1814 442 1874 ct
469 1812 510 1875 ad
532 1812 637 1876 vivum
664 1815 801 1893 resecat,
830 1813 913 1876 sicut
942 1813 1035 1896 epist.
1056 1810 1174 1875 XCIX.
1219 1811 1337 1874 Mirum

188 1922 288 2006 igitur
313 1920 414 2002 foret,
444 1922 528 2004 quod
556 1925 643 1985 aetas
665 1924 839 2006 posterior,
870 1923 940 1986 dico
964 1921 1171 1985 christianam
1183 1922 1213 2006 b)
1219 1970 1229 2004 ,
1252 1920 1336 2004 judi·

189 2031 274 2095 cium
290 2029 451 2114 Senecae,
474 2053 567 2115 quem
590 2032 732 2116 alioquin
753 2033 923 2117 permagni
945 2032 1140 2114 aestimavit,
1167 2030 1337 2114 negligens

188 2141 324 2224 ineptire
350 2141 478 2224 maluit,
507 2164 601 2225 quam
623 2142 713 2206 illum
736 2143 840 2225 sequi,
869 2142 932 2205 nisi
954 2141 1006 2205 hic
1029 2163 1153 2224 quoque
1184 2141 1275 2224 quasi
1303 2142 1337 2205 in

189 2251 289 2315 altera
310 2251 411 2314 librae
433 2251 523 2315 lance
545 2251 737 2315 Plutarchus
758 2252 882 2336 positus
904 2252 1027 2316 fuisset.

275 2360 338 2425 Sed
360 2360 439 2425 haec
461 2361 625 2426 haetenus.

677 2835 790 2928 Pars
820 2835 852 2928 Ι.

273 3044 492 3109 Metrodorum
515 3045 598 3128 apud
617 3044 799 3130 Diogenem
821 3047 860 3130 X,
878 3047 919 3110 23
941 3047 1077 3131 legimus
1100 3050 1223 3131 septem
1245 3047 1337 3110 annis

190 3157 264 3218 ante
284 3153 460 3237 Epicurum
482 3158 618 3219 mortem
641 3155 758 3220 obiisse
780 3156 874 3239 idque
897 3159 1112 3238 πεντηκοετόν
1134 3158 1242 3237 τρίτον
1265 3158 1337 3222 ἔτος
1450 3185 1454 3191 ’

190 3266 314 3342 ἄγοντα
337 3264 390 3345 (cf.
413 3263 574 3329 Plutarch.
598 3266 660 3330 def.
684 3287 769 3329 orac.
792 3266 925 3352 4201)).
962 3267 1025 3331 Pro
1047 3267 1103 3330 illo
1127 3267 1229 3350 enim,
1253 3267 1337 3350 quod

191 3375 268 3438 olim
289 3375 470 3458 legebatur,
494 3375 631 3452 ἄγοντος
648 3376 850 3439 scribendum
866 3398 934 3440 esse
950 3377 1086 3460 ἄγοντα,
1110 3377 1184 3441 inde
1208 3378 1247 3441 ab
1261 3377 1337 3440 Am-

189 3485 297 3548 brosio
313 3484 517 3548 l'raversario
541 3488 674 3550 constat.
719 3485 769 3550 Ex
790 3485 935 3571 Diogene
957 3490 1063 3550 autem
1078 3487 1252 3570 Epicurum
1275 3487 1337 3550 duo

190 3598 222 3660 et
244 3595 449 3680 septuaginta
477 3616 578 3659 annos
599 3599 711 3659 natum
733 3596 781 3660 Ol.
806 3594 973 3679 CXXVII,
996 3599 1015 3660 3
1048 3597 1090 3682 (a.
1114 3595 1188 3661 Chr.
1211 3597 1336 3679 11210)

189 3706 362 3769 decessisse
378 3708 475 3788 patet.
506 3705 595 3790 Ergo
608 3704 808 3770 Metrodorus
824 3705 875 3770 Ol.
893 3705 1052 3790 OXXV,4
1068 3707 1110 3792 (a.
1124 3705 1199 3771 Chr.
1215 3707 1336 3784 11211)
1454 3711 1458 3714 ⁴

190 3816 274 3880 diem
303 3816 384 3879 obiit
410 3837 612 3899 supremum,
647 3819 740 3880 natus
769 3817 819 3881 Ol.
843 3815 949 3898 ΟΧΠ,
975 3818 995 3880 3
1025 3819 1067 3899 (a.
1091 3816 1166 3882 Chr.
1187 3839 1220 3881 n.
1242 3817 1335 3901 330).

190 3926 292 4001 Quem
321 3929 426 3989 ortum
455 3926 540 4008 quod
567 3927 698 4010 attinet,
733 3927 827 3990 nobis
855 3927 998 4009 quaestio
1029 3927 1217 4011 attingenda
1244 3930 1292 3990 est
1319 3949 1338 3990 1
1409 3988 1413 3993 .

190 4036 265 4099 viris
288 4035 390 4099 doctis
397 4085 406 4118 ,
435 4036 489 4119 qui
510 4037 707 4120 temporibus
730 4035 945 4121 superioribus
968 4037 1007 4100 de
1029 4036 1210 4101 Metrodoro
1233 4037 1338 4120 dispu-

259 4273 281 4339 b)
304 4271 367 4325 Vid.
392 4272 527 4326 Gassendi
545 4273 706 4326 animadvv.
728 4273 758 4325 in
776 4272 857 4341 Diog.
874 4273 967 4327 Laert.
989 4272 1054 4327 libr.
1072 4273 1106 4327 X.
1130 4290 1157 4341 p.
1177 4280 1241 4328 1317
1259 4290 1338 4340 seqq.

191 4356 230 4426 (1.
249 4356 280 4411 Β.
300 4358 385 4425 roro).

265 4624 272 4643 1

273 4652 283 4688 l
