2956 4942
638 303 848 368 ..58„.

168 470 313 557 κυ(ρ)ίωε
335 473 436 548 λέγει·
464 472 756 554 ΠΝΕΥΜΑΕΟφοῦ
784 474 897 554 θνμόε,
929 476 1161 558 ευνεμφα(ίνει)
1183 477 1220 543 τὸ
1244 476 1315 541 λίαν

170 582 330 663 βραχέως·
1228 593 1231 598 ’

176 863 180 870 .
254 805 306 871 Sic
322 807 428 870 locum
442 807 520 888 puto
536 805 770 870 resarciendum
786 828 870 888 esse,
893 806 1124 889 supplementis
1140 806 1314 892 Spengelii,

168 916 364 1000 Gomperzii,
391 915 579 981 Buecheleri
602 916 792 1001 conjunctis.
838 915 958 980 Vocem
981 918 1155 983 ΠΝΕΥΜΑ
1176 917 1245 1000 ipse
1267 940 1314 981 re-

168 1025 257 1089 stitui
279 1027 475 1110 conjectura,
499 1026 629 1115 opinor,
653 1025 737 1090 haud
758 1027 972 1110 improbabili.
1007 1026 1127 1110 Recepi
1150 1026 1314 1112 Spengelii

167 1136 220 1201 ΤΟ
248 1139 323 1219 post
345 1141 507 1220 διαεαφεῖ,
540 1136 720 1219 Gomperzii
752 1135 908 1203 ΚΥΡΙω(
934 1159 992 1221 pro
1018 1137 1149 1203 ΚΥΙω(
1177 1139 1313 1221 exempli
1340 1168 1343 1173 ·

167 1246 375 1330 Oxoniensis,
404 1248 619 1328 εννεμφαΙΝΕΙ
649 1248 687 1312 τὸ
715 1247 834 1331 optime
863 1247 1043 1311 restitutum
1065 1269 1084 1310 a
1107 1247 1313 1331 Buecheler0,

166 1356 336 1420 verborum
364 1356 523 1421 sententia
551 1357 672 1420 acutius
699 1361 874 1441 perspecta.
924 1357 1000 1440 Ipsa
1032 1379 1107 1421 vero
1137 1357 1313 1421 Metrodori

168 1466 264 1530 verba
291 1488 402 1530 omnes
430 1467 614 1550 relinquunt
641 1467 755 1531 lacuna
775 1467 897 1531 hiantia
919 1471 944 1533 T
952 1518 1048 1534 .......
1072 1468 1311 1534 ΦΟΥΘΥΜΟΕ.

167 1574 280 1640 Voluit
306 1576 524 1641 demonstrare
553 1576 757 1640 Philodemus
764 1627 772 1659 ,
802 1577 885 1641 sicut
912 1577 995 1662 ipse,
1028 1578 1124 1641 etiam
1152 1577 1313 1661 principes

168 1684 294 1750 scholae
322 1686 360 1751 de
382 1688 447 1751 irae
469 1687 625 1751 brevitate
648 1687 800 1771 sapientis
819 1687 988 1770 judicasse.
1033 1688 1165 1771 Epicuri
1193 1687 1313 1752 dictum

167 1796 310 1878 quamvis
339 1797 369 1860 ei
397 1800 481 1861 esset
506 1798 541 1862 in
569 1799 734 1882 promptu,
767 1797 881 1862 maluit
906 1800 1013 1861 tamen
1040 1799 1111 1882 ipsa
1137 1797 1313 1861 Metrodori

166 1906 263 1969 verba
291 1906 419 1971 laudare
447 1908 561 1988 κνρῖωε
595 1929 632 1973 ac
661 1907 894 1993 significantius
924 1908 1084 1991 loquentis
1113 1910 1145 1971 et
1173 1908 1311 1992 imagine

166 2037 231 2079 una
257 2038 325 2081 cum
355 2017 573 2083 mediocritate
607 2019 672 2082 irae
699 2018 887 2082 brevitatem
915 2018 1127 2104 depingentis.
1178 2019 1313 2100 Πνεῦμα
1338 2054 1341 2059 ·

166 2125 266 2210 idem,
297 2127 382 2210 quod
410 2128 493 2212 apud
520 2150 580 2192 nos
607 2127 764 2212 „Hauch,
787 2127 1027 2193 Windhauch“.
1071 2127 1209 2194 Nostrae
1237 2149 1311 2192 con·

162 2235 305 2319 jecturae
332 2260 436 2322 neque
464 2239 547 2302 inter
573 2237 696 2302 litteras
724 2239 860 2322 reliquas
881 2239 985 2322 prima
1007 2241 1032 2303 T
1061 2237 1180 2321 obstat,
1208 2259 1311 2321 neque

166 2345 279 2410 lacuna
301 2370 356 2412 sex
383 2349 449 2412 fere
476 2348 600 2413 litteras
623 2350 750 2433 capiens
772 2352 898 2433 praeter
920 2350 968 2415 (0
992 2351 1066 2413 ante
1089 2352 1156 2430 φοῦ
1184 2348 1311 2412 restitu-

165 2460 244 2521 tum.
281 2456 402 2522 Vocem
417 2460 515 2540 ταχύε
533 2459 602 2543 jam
623 2459 807 2543 reprobarit
820 2459 1048 2542 Buechelerus,
1071 2481 1112 2523 ne
1133 2457 1310 2543 tautologia

165 2588 232 2631 non
252 2568 384 2633 ferenda
407 2591 478 2634 cum
500 2571 537 2637 τὸ
561 2571 632 2635 λίαν
656 2571 799 2651 βραχέωε
822 2569 943 2634 evadat.

250 2677 319 2754 Quo
348 2681 451 2764 m'agis
480 2679 678 2764 intelligatur
707 2680 936 2764 fragmentum,
965 2701 1027 2762 qua
1053 2679 1176 2742 ratione
1203 2677 1310 2742 Philo-

165 2786 249 2851 demi
271 2788 371 2851 oratio
401 2790 440 2852 ad
462 2789 680 2853 Metrodorum
703 2789 879 2871 deflexerit,
908 2811 1003 2872 quam
1024 2788 1209 2853 brevissime
1230 2787 1320 2852 refe?

165 2918 247 2980 ram,
280 2899 482 2981 pracsertim,
516 2920 588 2963 cum
616 2920 715 2983 usque
751 2900 790 2962 ad
817 2899 875 2962 has
903 2898 1089 2982 philosophi
1118 2899 1310 2962 Gadarensis

166 3008 329 3071 columnas
351 3013 508 3093 repertas,
531 3010 607 3093 quid
628 3009 779 3092 Epicurei
801 3007 839 3072 de
861 3009 909 3072 ira
930 3009 1103 3092 senserint,
1126 3008 1220 3072 nobis
1242 3009 1309 3072 fere

164 3117 312 3202 ignotum
335 3122 426 3184 esset.
463 3119 645 3203 Sapientem
667 3119 795 3203 quidem
817 3121 898 3203 ὀργῇ
920 3140 1013 3202 posse
1035 3118 1208 3182 obnoxium
1231 3140 1309 3200 esse,

164 3226 248 3290 haud
275 3232 375 3313 negat
396 3228 601 3292 Philodemus
607 3279 616 3311 ,
644 3229 739 3293 modo
761 3229 804 3293 sit
826 3229 906 3310 ὀργὴ
930 3232 1060 3312 φυεική,
1090 3228 1207 3311 quippe
1229 3249 1309 3310 quae

165 3337 295 3400 alterius
322 3338 439 3402 infesto
461 3339 599 3402 nocendi
621 3341 737 3402 conatu
765 3339 815 3403 vel
837 3339 921 3402 facto
943 3341 1116 3422 provocata
1143 3337 1242 3400 animi
1264 3337 1308 3399 af-

164 3447 261 3511 fectio
289 3447 420 3532 perinde
448 3448 567 3512 oriatur
594 3451 688 3531 atque
711 3448 863 3528 beneficio
885 3448 988 3533 gratia
1016 3447 1089 3533 (col.
1106 3448 1172 3532 46).
1217 3446 1310 3523 Quod

165 3557 192 3621 si
207 3559 288 3644 ὀργῇ
311 3559 467 3641 ejusmodi
482 3580 576 3624 cause
589 3581 655 3623 non
670 3558 893 3643 praecesserit,
915 3559 977 3622 ista
999 3557 1160 3641 rejiciatur
1183 3559 1310 3640 oportet

165 3669 300 3751 sapienti
322 3692 433 3753 parum
457 3669 664 3752 conveniam,
688 3671 736 3736 ὅτι
760 3671 825 3736 ἀπὸ
848 3670 1017 3735 διαθέεειυε
1039 3670 1158 3745 γίνεται
1180 3687 1307 3747 παμπο-

163 3780 265 3858 νήρου
294 3780 358 3864 (37.
382 3779 447 3865 38).
492 3779 582 3845 Licet
607 3783 712 3843 autem
740 3779 820 3860 ὀργή
849 3778 1006 3842 actionem
1029 3776 1165 3861 sapienti
1193 3776 1308 3840 infeste
1375 3801 1382 3823 ι

163 3888 284 3952 illatam
317 3890 476 3974 extemplo
510 3890 720 3972 subsequatur
756 3888 926 3972 eademque
960 3887 1120 3951 interdum
1156 3887 1308 3951 acerrima

164 3998 293 4083 existat,
325 4002 432 4064 tamen
460 4022 526 4064 non
560 4002 609 4064 est
635 3999 803 4082 sapientis,
836 3997 991 4063 ultionem
1018 4000 1127 4081 petere
1155 4000 1308 4080 tanquam

163 4131 231 4174 rem
253 4110 472 4174 suavissimam
494 4111 671 4194 (ἐπιθυμεῖν
686 4113 741 4188 τῆε
757 4109 917 4175 κολάεεωε
937 4109 1079 4188 καθάπερ
1101 4109 1307 4174 ἀπολαυετοῦ

163 4242 252 4287 τινα(
273 4220 375 4307 ibid).
419 4219 521 4284 Immo
544 4220 591 4283 ira
612 4241 678 4306 non
701 4218 755 4282 diu
776 4221 970 4302 perseverat,
1000 4220 1040 4284 οὐ
1063 4220 1172 4299 μέντοι
1194 4239 1230 4295 γε
1252 4238 1307 4282 τα·
1378 4284 1382 4289 ,

27 4381 31 4388 .
165 4335 267 4416 ραχήν
289 4331 478 4413 ἀναδέχεται
499 4331 640 4412 μεγάλην
663 4329 720 4413 (42
734 4328 835 4417 init),
858 4331 1024 4409 τηλικοῦτο
1048 4331 1083 4394 δὲ
1104 4328 1206 4409 μόνον
1228 4327 1306 4394 dccv
