2956 4942
630 303 841 365 „47-

164 472 292 537 τούτοιτ
321 469 514 556 (doloribus)
544 473 582 536 τὸ
611 473 691 535 κατὰ
719 471 829 551 ψυχὴν
854 475 969 552 χαῖρον
999 471 1052 536 ἐπὶ
1072 479 1111 557 τῇ
1132 476 1199 538 τῶν
1221 494 1313 550 γεγο-

163 582 269 646 νότων
292 581 365 660 ἡμῑν
390 585 602 660 διαλογιτμῶν
625 581 737 665 μνήμῃ.
781 579 850 644 Nee
871 579 1073 644 Metrodorus
1100 581 1184 645 idem
1211 582 1312 646 sensit

164 711 200 753 ao
221 689 401 773 Torquatus
423 711 472 773 ap.
499 688 563 754 Cio.
589 689 627 752 de
650 690 737 753 finib.
758 689 785 774 I,
810 690 859 773 10,
874 691 931 754 32:
953 691 1086 773 „Neque
1108 713 1203 775 porro
1226 691 1310 774 quis·

163 821 258 883 quam
287 803 349 882 est,
379 800 433 882 qui
456 798 599 863 dolorem
621 799 743 883 ipsum,
774 800 858 882 quod
886 799 977 862 dolor
999 800 1056 883 sit,
1084 804 1170 864 amet
1191 839 1233 850 -
1255 801 1309 864 sed

164 909 238 993 quia
264 931 493 992 nonnunquam
527 909 684 992 ejusmodi
711 913 855 993 tempora
883 909 1044 993 incidunt,
1080 912 1116 975 ut
1143 910 1250 974 labore
1279 914 1311 974 et

164 1019 273 1083 dolore
301 1041 451 1103 magnam
479 1019 617 1102 aliquam
645 1022 776 1102 quaerat
803 1020 999 1103 voluptatem
1007 1022 1027 1055 “
1050 1023 1123 1084 oett.
1152 1023 1208 1084 aut
1234 1019 1311 1103 Epi-

165 1151 258 1193 eurus
289 1127 373 1212 apud
401 1127 579 1213 Diogenem
606 1127 652 1211 X,
683 1129 757 1192 129:
800 1130 942 1209 καθάπερ
970 1132 1022 1195 καὶ
1049 1129 1199 1210 ἀλγηδὼν
1226 1133 1311 1195 πᾶτα

121 1258 123 1261 ’
164 1243 259 1322 κακὴ,
288 1241 327 1304 οὐ
356 1243 440 1305 πᾶτα
468 1240 495 1304 δ’
525 1239 575 1304 ἀεὶ
602 1242 721 1321 φευκτὴ
749 1245 911 1322 πεφυκυῖα
940 1243 972 1337 et
998 1240 1106 1322 paullo
1135 1243 1222 1304 ante:
1260 1243 1311 1305 καὶ

51 1373 53 1387 ’
164 1336 288 1415 πολλὰ(
311 1350 492 1427 ἀλγηδόνα(
513 1349 643 1427 ἡδονῶν
661 1348 819 1428 κρείττονε
838 1350 1025 1430 νομίζομεν,
1048 1350 1179 1415 ἐπειδὰν
1195 1352 1309 1430 μείζων

164 1461 237 1539 ἡμῖν
266 1461 368 1539 ἡδονὴ
396 1460 623 1543 παρακολουθῇ
645 1460 751 1524 πολὺν
774 1460 894 1538 χρόνον
920 1459 1105 1540 ὑπομείναει
1126 1461 1184 1524 τὰ(
1213 1459 1309 1539 ἀλγη-

163 1570 271 1636 δόναε.
324 1568 386 1633 sed
413 1567 536 1651 potius,
564 1589 626 1650 qua
651 1567 776 1630 ratione
804 1568 1006 1632 Metrodorus
1033 1591 1052 1631 a
1080 1568 1234 1652 magistro
1264 1568 1309 1631 di·

162 1701 290 1763 gressus
319 1679 374 1761 sit,
404 1700 442 1741 ex
469 1678 548 1742 locis
576 1677 712 1741 laudatis
741 1678 817 1741 satis
845 1680 986 1761 apparet.
1037 1676 1136 1741 Hioee
1165 1679 1251 1741 enim
1279 1685 1310 1741 et

162 1789 336 1853 nonnullos
359 1789 483 1852 dolores
504 1789 635 1871 propter
657 1787 859 1872 insequentes
882 1789 1017 1872 majores
1039 1788 1219 1871 voluptates
1240 1810 1309 1871 per·

161 1900 328 1982 poliendos
362 1897 474 1961 statuit
501 1900 533 1959 et
560 1899 742 1980 praesentes
771 1897 895 1961 dolores
930 1919 1002 1962 oum
1030 1899 1195 1982 voluptate
1225 1919 1309 1962 oom-

162 2010 290 2093 pensari
311 2009 413 2072 voluit
435 2029 473 2071 ex
494 2007 648 2070 memoria
668 2007 911 2091 praeteritarum
933 2008 1028 2072 simul
1050 2029 1122 2072 eum
1146 2030 1201 2090 spe
1222 2008 1307 2071 futu·

162 2142 268 2183 rarum
302 2119 448 2202 repetita.
499 2117 700 2181 Metrodorus
733 2139 808 2181 vero
842 2140 879 2182 ex
908 2119 1007 2203 ipsius
1035 2118 1184 2182 tristitiae
1219 2119 1309 2202 quasi

146 2222 275 2293 'looulis
298 2228 493 2293 absconditis
517 2226 675 2311 depromit
695 2228 907 2312 voluptatem,
930 2250 999 2292 eam
1022 2229 1159 2292 maxime
1172 2228 1309 2312 quidem

137 2363 140 2368 ·
164 2341 327 2425 exiguam,
351 2341 508 2420 attamen,
531 2359 611 2422 quae
634 2337 753 2421 aliquid
777 2318 888 2402 afferat
903 2339 1025 2422 solatii,
1047 2340 1203 2403 idoneam.
1240 2337 1309 2413 Quo

163 2451 234 2534 quis
256 2453 304 2513 est
325 2447 530 2532 philosophia
552 2447 720 2530 eruditior,
744 2469 780 2510 eo
796 2448 922 2512 facilius
944 2449 1140 2532 voluptatem
1163 2447 1310 2511 tristitiae

165 2559 302 2643 cujusvis
317 2559 445 2643 generis
467 2558 610 2621 innatam
626 2557 754 2646 reperit.
785 2556 855 2620 Tali
878 2558 972 2622 modo
994 2559 1211 2644 fragmentum
1225 2560 1310 2621 reete

163 2670 316 2754 intelligi,
340 2690 378 2732 ex
400 2669 470 2752 ipsa
493 2667 632 2744 Senecae
653 2667 845 2732 refutatione
868 2669 984 2734 elucet:
1012 2669 1117 2752 „Quid
1140 2668 1225 2732 euim
1246 2671 1310 2730 tur-

162 2780 250 2864 pius,
285 2801 380 2862 quam
403 2779 530 2861 captare
552 2778 587 2842 in
609 2778 679 2861 ipso
702 2778 790 2842 luctu
818 2779 1063 2862 voluptatem?=“
1095 2816 1138 2825 —
1168 2777 1310 2861 „Utrum

164 2894 213 2954 est
240 2928 282 2937 —
310 2888 511 2953 inhumanius
518 2937 528 2971 ,
561 2909 628 2950 non
657 2888 775 2952 sentire
804 2889 921 2952 amisso
952 2889 1053 2953 amieo
1083 2887 1241 2971 dolorem,
1269 2909 1311 2951 an

163 3000 361 3083 voluptatem
388 2999 423 3062 in
450 2999 521 3081 ipso
544 2998 653 3062 dolore
675 2998 877 3081 aucupari?“
908 2988 946 3046 —ss
976 2997 1120 3083 „Utrum
1141 2997 1309 3062 honestius

164 3110 254 3173 dolor
276 3111 316 3173 ab
339 3109 446 3172 auimo
469 3108 688 3191 submovetur,
720 3130 761 3171 an
783 3109 928 3188 voluptas
956 3109 996 3173 ad
1019 3109 1161 3173 dolorem
1183 3128 1309 3191 quoque
1388 3175 1390 3178 ,

164 3220 364 3284 admittitur?
380 3218 571 3282 Admittitur
587 3217 680 3281 dieo?
697 3219 857 3302 captatur,
873 3221 905 3282 et
919 3218 1047 3302 quidem
1062 3240 1101 3282 ex
1116 3219 1217 3302 ipso“.
1234 3220 1309 3281 eett.

706 3404 758 3460 VI.

314 3541 474 3607 Plutarch.
497 3562 564 3605 non
584 3562 679 3625 posse
701 3561 787 3605 suav.
810 3540 871 3604 viv.
897 3541 978 3606 1098
993 3540 1034 3606 D.

250 3663 306 3727 Καὶ
334 3664 430 3729 πάλιν
458 3662 523 3727 πού
551 3683 646 3743 φηειν
679 3660 715 3726 ἐν
743 3663 812 3725 soit
846 3659 956 3727 adroic
984 3661 1160 3742 γράμματα
1189 3697 1232 3708 -
1259 3663 1310 3726 καὶ

163 3774 259 3857 ,,ττερὶ
280 3773 416 3852 γαετέρα
437 3773 516 3854 γὰρ,
540 3773 566 3836 ὡ
590 3770 765 3852 φυοολόγε
786 3771 995 3853 Τιμόκρατες,
1017 3773 1054 3835 τό
1077 3771 1235 3848 ἀγαθόνιί

248 3992 447 4069 Φυειολόγοτ
463 3993 526 4075 est,
550 3991 603 4075 qui
618 4012 724 4056 rerum
738 3995 886 4056 naturam
902 3991 1048 4075 exquirit.
1087 3991 1158 4056 Vox
1171 3991 1308 4075 primum

164 4102 204 4166 ab
218 4101 394 4166 Aristotele
416 4104 568 4185 usurpata
590 4101 629 4165 de
651 4102 748 4166 anim.
770 4100 835 4185 III,
850 4101 885 4187 23
908 4100 1049 4185 metaph.
1073 4099 1151 4186 1,5;
1175 4101 1213 4165 de
1235 4123 1308 4186 gen.

164 4213 262 4275 anim.
285 4211 317 4294 I,
342 4214 369 4276 1.
414 4211 562 4277 Ceterum
583 4210 802 4276 Metrodorum
828 4211 862 4273 in
891 4211 1020 4275 modum
1048 4211 1194 4296 magistri
1221 4233 1309 4276 usur-

163 4345 256 4407 passe
277 4323 359 4404 ἱερὰ
370 4323 656 4403 ἀνακραυγάτματα
678 4320 813 4406 (Oleum.
830 4321 931 4386 theor.
948 4322 1027 4404 oyol.
1045 4321 1088 4406 ll,
1106 4322 1121 4384 l
1136 4322 1189 4385 fin.
1212 4321 1308 4406 Diog.
1402 4301 1405 4304 Α
