2956 4942
634 307 677 321 ..
719 273 759 339 31
803 309 845 321 .-

166 442 247 509 alios
270 441 357 509 locos
381 442 446 509 Cio.
469 443 569 508 Acad.
592 441 641 526 ll,
663 444 715 526 43,
740 445 815 528 1343
839 443 879 507 de
901 441 990 511 finib.
1014 440 1059 528 V,
1081 443 1139 527 27,
1164 442 1206 510 80
1228 466 1314 528 seqq.

165 554 217 636 28,
241 554 292 618 84.
316 552 456 618 Tuscull.
479 551 593 637 Dispp.
616 551 656 636 V,
678 553 730 635 23,
752 553 795 618 55
810 574 897 637 seqq.
926 555 979 630 31,
1002 553 1053 618 89.
1083 554 1135 637 35,
1162 554 1229 618 102.

318 695 352 780 7)
374 697 472 776 Περὶ
494 697 737 775 οἰκονομίας.

250 805 467 870 Metrodorum
489 805 606 869 librum
630 805 825 888 singularem
848 805 887 870 de
909 805 1179 871 administrandae
1202 808 1249 871 rei
1270 808 1315 870 fa—

165 915 299 980 miliaris
336 915 470 978 scicntia
506 914 563 994 (ut
594 914 639 977 ait
672 913 745 979 Sen.
781 916 873 998 epist.
903 914 1088 1002 LXXXIX)
1126 916 1315 999 condidisse,

165 1024 370 1090 Philodemus
397 1023 436 1087 de
458 1023 528 1087 vitt.
553 1023 638 1087 virtt.
662 1045 770 1107 oppos.
794 1025 853 1089 col.
876 1025 916 1089 27
945 1024 1069 1089 videtur
1096 1026 1200 1090 verbis
1227 1025 1315 1090 hisce

166 1134 339 1198 indicasse:
368 1135 395 1198 εἰ
418 1137 453 1199 δὲ
476 1135 711 1215 καταμέμφεταί
732 1156 779 1200 τις
806 1136 896 1215 ἡμῶν
925 1137 997 1213 περὶ
1028 1135 1211 1215 οἰκονομία(
1238 1135 1314 1202 ἀνα-

165 1247 379 1327 γραφόντων,
402 1246 476 1326 ἡμῖν
498 1247 555 1322 μὲν
577 1245 687 1309 ἱκανὸς
701 1247 766 1321 μετ’
789 1245 978 1323 ’ἐπικούρου
995 1245 1227 1329 Μητρόδωρος,
1249 1246 1315 1310 ἐπι-

166 1356 307 1421 ςτέλλων
340 1357 392 1420 καὶ
418 1359 586 1434 παραινῶν
620 1354 672 1418 καὶ
700 1359 829 1420 διοικῶν
865 1355 1107 1435 ἐπιμελέςτερον
1140 1356 1190 1420 καὶ
1224 1357 1314 1435 μέχρι

168 1465 363 1544 μικροτέρων
387 1465 438 1528 καὶ
459 1469 564 1529 ποιῶν
588 1464 692 1527 αὐτός.
737 1460 794 1527 Sin
816 1463 887 1546 quis
903 1442 1120 1527 Metrodorum
1143 1464 1259 1528 dixerit
1279 1465 1314 1528 in

166 1573 248 1637 libro
270 1576 342 1653 περὶ
363 1574 509 1638 πλούτου
531 1571 589 1636 col.
610 1572 648 1634 12
671 1572 767 1637 citato
789 1571 873 1636 banc
894 1594 962 1636 rem
984 1575 1155 1655 tractasse,
1179 1594 1246 1637 non
1267 1595 1314 1637 re—

165 1683 326 1768 pugnabo.
375 1681 428 1746 Me
456 1682 583 1765 quidem
611 1704 715 1746 meam
743 1682 777 1745 in
806 1682 997 1746 sententiam
1025 1685 1191 1746 traxerunt
1218 1683 1314 1746 verba

166 1794 285 1874 ἐπιμελ.
309 1816 335 1858 κ.
357 1795 424 1873 μέχ.
448 1814 527 1872 μικρ.
572 1790 622 1854 De
643 1813 677 1855 re
700 1791 739 1855 cf.
763 1813 782 1854 a
803 1790 983 1856 Philodemi
1005 1791 1157 1875 exposita.

318 1935 352 2021 8)
374 1937 560 2016 Περὶτοῡ
576 1937 742 2013 μείζονα
762 1934 949 2016 εἶναιτὴν
965 1937 1170 2016 παρ’ἡμᾶς
1186 1936 1312 2001 αἰτίαν

378 2047 478 2125 πρὸς
500 2045 762 2124 εὐδαιμονίαν
786 2050 852 2124 τῆς
874 2045 914 2109 ἐκ
936 2048 1013 2110 τῶν
1037 2046 1289 2126 πραγμάτων.

250 2155 486 2239 Commemorat
506 2153 568 2219 boc
590 2154 743 2237 scriptum
766 2154 914 2219 Clemens
937 2154 1172 2219 Alexandrinus
1200 2159 1309 2239 strom.

164 2264 212 2348 Π,
235 2265 297 2329 417
320 2263 356 2330 Ο.
401 2264 475 2330 Vid.
505 2264 640 2329 Metrod.
667 2264 782 2349 fragm.
810 2271 897 2330 num}
919 2264 958 2328 X.
1008 2265 1060 2329 Ad
1087 2267 1310 2349 argumentum

165 2373 297 2458 adhibe,
319 2396 398 2458 quae
414 2397 509 2458 supra
531 2374 674 2439 enarravi
690 2374 728 2438 de
744 2395 839 2437 causa
860 2373 1089 2456 contentionis,
1112 2396 1192 2458 quae
1208 2373 1312 2438 Timo-

168 2484 247 2548 crati
270 2506 341 2548 cum
364 2484 547 2549 Metrodoro
568 2484 757 2548 intercessit.

319 2637 352 2722 9)
375 2639 473 2718 Περὶ
495 2639 711 2716 εὐγενείας.

249 2747 376 2812 (litatur
397 2746 486 2812 hicce
508 2747 589 2812 liber
611 2770 630 2811 a
651 2746 798 2833 Diogene
820 2747 947 2812 Laertio
969 2747 1013 2831 X,
1040 2750 1054 2811 1
1080 2750 1112 2812 et
1132 2746 1184 2812 24.
1227 2747 1313 2812 Loco

164 2857 292 2942 quidem
313 2857 418 2941 priore
447 2879 484 2921 ex
512 2878 549 2921 eo
572 2857 760 2941 afferuntur,
789 2879 869 2941 quae
895 2857 934 2921 de
956 2857 1089 2941 Epicuri
1116 2856 1311 2941 parentibus,

164 2967 282 3051 patria,
305 2967 429 3032 familia
444 2989 515 3032 oum
531 2968 650 3032 lectore
666 2967 949 3033 communicantur.
985 2966 1079 3032 Unde
1093 2966 1312 3031 Metrodorum

164 3076 365 3161 concludam,
388 3077 594 3162 magistrum,
617 3078 644 3142 si
666 3099 731 3142 non
753 3078 835 3141 libro
858 3080 942 3160 toto,
964 3079 1048 3140 certe
1076 3076 1132 3140 illa
1154 3097 1310 3140 commen-

163 3188 294 3252 tationis
316 3191 405 3272 parte
428 3209 446 3251 a
467 3187 612 3273 Diogene
634 3188 762 3252 laudata
785 3190 895 3252 contra
916 3186 1098 3250 vexationes
1120 3172 1311 3250 Timocratis

164 3299 196 3369 et
217 3296 411 3383 Herodotiq)
435 3297 628 3382 defendisse,
651 3298 706 3382 qui
720 3296 897 3381 Epicumm
918 3297 1019 3362 civem
1042 3317 1109 3360 esse
1132 3296 1311 3381 legitimum

165 3407 317 3492 (γνηςίως
333 3409 442 3494 ἀετόν)
464 3411 662 3493 negaverant
677 3407 785 3494 (Diog.
802 3407 907 3472 Laert.
923 3406 962 3490 X,
979 3409 1023 3493 4).
1061 3405 1163 3482 Quam
1185 3409 1310 3470 senten-

163 3512 242 3582 tiam
257 3517 284 3582 si
307 3517 546 3602 approbaveris,
569 3518 679 3600 facile,
701 3518 828 3601 opinor,
850 3516 1023 3601 perspicies
1029 3565 1039 3600 ,
1062 3537 1201 3599 quonam
1215 3515 1310 3580 modo

162 3626 362 3692 Metrodorus
374 3627 412 3692 de
424 3628 555 3713 Epicuri
570 3628 693 3714 origine
706 3612 898 3691 disseruerit.
922 3625 1153 3710 Philosophum
1164 3630 1310 3690 nostrum

162 3737 390 3802 obtrectatores
413 3738 450 3802 ad
471 3738 671 3802 nobilitatem
692 3759 800 3803 veram
822 3739 969 3801 nontam
991 3736 1025 3799 in
1039 3735 1142 3819 gloria
1156 3736 1310 3820 majorum

163 3848 273 3931 (ἀρετὴ
295 3849 412 3926 γένους
434 3849 568 3913 Aristot.
590 3847 665 3913 hist.
689 3870 738 3911 an.
761 3846 788 3931 l,
807 3850 840 3932 13
862 3845 943 3911 rhet.
965 3844 1008 3929 Π,
1033 3846 1090 3921 15.
1120 3844 1168 3911 Of.
1184 3845 1307 3910 Platon.

162 3957 291 4022 Theaet.
316 3957 377 4022 174
391 3957 433 4043 Ε)
462 3957 613 4041 falsisque
640 3958 786 4022 fortunae
813 3957 923 4039 bonis,
951 3978 1046 4041 quam
1072 3956 1107 4020 in
1131 3956 1198 4019 sola
1223 3960 1309 4020 recte

163 4067 288 4132 vivendi
315 4068 438 4133 ratione
468 4071 666 4133 constantem
689 4090 728 4132 ex
749 4067 896 4132 Lucretio
924 4065 1076 4151 colligere
1098 4064 1174 4130 licet
1194 4065 1309 4130 stultos
1423 4088 1427 4095 ·

229 4310 251 4376 ί1)
270 4304 400 4373 Fortasse
418 4307 448 4360 et
464 4305 510 4359 hic
527 4304 641 4375 Epicuri
659 4304 764 4358 amicus
781 4306 882 4373 postea
899 4302 1064 4374 magistrum
1083 4301 1216 4357 deseruit.
