2956 4942
675 299 885 360 -sc-

206 469 308 535 visum
343 472 392 534 cst
417 491 530 553 parum
558 469 716 533 rationem
748 467 880 531 habenti
908 467 1074 530 titulorum
1104 466 1234 530 mimme
1269 466 1354 530 idem

205 579 442 644 declarantium.
485 579 576 654 Quod
592 578 631 642 ad
646 579 869 662 argumentum
884 576 1038 660 pertinet,
1062 575 1239 640 contendas
1255 575 1351 660 Diog.

205 687 309 752 Lacrt.
333 688 372 771 X,
397 690 467 753 117.
493 689 562 752 122.
936 686 937 690 ’

357 797 393 883 2)
416 800 513 879 Περὶ
536 799 788 881 φιλοεοφὶας.

290 907 361 972 Hoc
391 929 470 992 opus
502 931 519 971 a
549 907 719 972 Plutarcho
747 907 817 970 adv.
846 904 959 971 colos.
983 906 1062 970 1127
1085 905 1112 969 B
1141 909 1353 970 memoratum

206 1018 375 1103 Menagius
405 1018 499 1082 etiam
528 1018 598 1082 adv.
623 1017 725 1084 Colot.
752 1015 893 1082 noan:
923 1017 942 1082 ὁ
971 1019 1005 1081 δὲ
1030 1017 1247 1096 Μητρόδωρος
1269 1017 1354 1083 dvri-

206 1129 282 1207 κρὺ(
297 1130 371 1209 περὶ
385 1129 581 1209 φιλοεοφία(
595 1129 720 1208 εἴρηκεν
743 1126 865 1190 laudari
886 1125 1063 1208 suspicatus
1078 1128 1136 1208 est,
1159 1130 1354 1211 quapropter

207 1236 408 1301 scribendum
436 1237 618 1320 proposuit:
646 1237 764 1317 ἀντικρ.
792 1237 828 1301 ἐν
850 1243 896 1321 τῷ
924 1236 997 1314 περὶ
1024 1238 1090 1316 φιλ.
1114 1236 1170 1314 εἴρ.
1214 1236 1260 1299 At
1286 1258 1353 1300 non

207 1349 269 1429 est,
293 1368 350 1410 our
363 1347 460 1411 verba
474 1347 606 1431 vulgata
620 1347 771 1430 reprobes
777 1395 787 1429 ,
810 1345 849 1410 ad
864 1366 944 1428 quae
959 1344 1053 1408 modo
1069 1347 1175 1409 mente
1192 1345 1352 1429 concipias

205 1476 323 1519 nomen
346 1457 554 1538 Ἐπικούρου,
586 1477 660 1519 nam
694 1456 733 1519 de
759 1455 892 1539 Epicuri
923 1453 1135 1538 philosophia
1154 1452 1253 1518 hocce
1281 1455 1352 1518 loco

206 1565 322 1649 agitur.
353 1563 402 1630 Of.
419 1565 555 1629 Metrcd.
571 1565 685 1650 fragm.
706 1587 793 1629 num.
809 1563 943 1628 XXXII.
981 1562 1129 1629 Ceterum
1152 1563 1352 1629 Metrodorus

205 1696 316 1739 omnes
330 1674 551 1759 philosophiae
566 1679 671 1759 partes
693 1677 846 1739 tractasse
861 1674 985 1739 videtur
1007 1677 1101 1757 atque
1123 1696 1161 1738 ex
1176 1674 1250 1738 libri
1265 1675 1351 1760 frag-

103 1794 104 1797 ’
205 1784 321 1848 mentis
349 1807 368 1848 a
388 1784 560 1849 Plutarcho
582 1785 658 1867 (vid.
682 1785 829 1869 fragmm.
853 1806 939 1848 num.
955 1783 1075 1848 XVIII.
1099 1783 1192 1871 XIX)
1216 1785 1351 1849 servatis

205 1915 277 1958 eum
306 1893 401 1958 etiam
430 1893 468 1957 de
489 1895 652 1978 republica
674 1894 867 1977 capessenda
895 1894 970 1977 quid
992 1892 1184 1977 philosopho
1207 1894 1350 1979 cogitan-

119 2040 129 2057 ·
205 2003 280 2067 dum
302 2004 360 2087 sit,
383 2003 568 2069 disseruisse
591 2008 724 2069 constat.

520 2200 554 2269 b)
572 2200 658 2256 Libri
676 2199 803 2270 physica
821 2199 1027 2256 continentes.

356 2338 390 2422 3)
414 2341 512 2419 Περὶ
532 2340 761 2419 μεταβολῆς.

185 2463 187 2468 ·
291 2445 415 2511 Citatur
436 2446 515 2513 haec
538 2447 668 2531 scriptio
696 2468 715 2510 a
736 2445 882 2532 Diogene
904 2445 1031 2509 Laertio
1054 2445 1098 2529 X,
1121 2443 1163 2509 24
1191 2449 1223 2510 et
1245 2445 1351 2511 Philo-

206 2555 298 2619 damo
327 2555 366 2620 de
393 2557 512 2640 pietate
543 2557 590 2621 ed.
615 2555 781 2639 Gomperz.
810 2577 883 2640 pag.
906 2556 976 2619 137.
994 2540 1061 2620 '138
1085 2555 1157 2642 (bis
1182 2556 1230 2621 of.
1254 2555 1288 2622 O.
1310 2557 1350 2620 Α.

205 2663 239 2729 ΙΙ
259 2687 332 2750 pag.
352 2667 421 2731 122.
447 2667 537 2750 123).
583 2666 713 2730 Librum
735 2664 939 2729 Metrodorus
966 2665 1104 2729 scribere
1131 2665 1287 2744 institnit,
1314 2669 1352 2730 ut

205 2774 395 2860 fragmenta
412 2775 496 2858 quod
512 2775 596 2860 apud
611 2774 835 2839 Philodamum
851 2773 927 2860 (vid.
940 2773 1076 2839 Metrcd.
1093 2775 1207 2861 fragm.
1223 2798 1309 2840 num.
1319 2776 1349 2858 Ι)

205 2885 379 2968 reperimus
401 2886 485 2950 male
508 2889 683 2968 servatum,
706 2885 926 2969 confirmatur,
949 2884 988 2949 de
1003 2885 1059 2967 iis,
1083 2906 1163 2968 quae
1178 2888 1349 2963 mutentur,

205 3016 348 3079 quaeque
375 2999 537 3080 nequeant
563 2995 696 3078 mutari,
731 3016 812 3079 quae
840 2994 1018 3078 solvantur,
1052 3016 1194 3079 quaeque
1227 3017 1351 3079 semper

205 3108 356 3169 maneant
383 3105 501 3170 eadem.
546 3106 652 3190 Atque
674 3104 724 3169 his
753 3105 907 3170 derebus
931 3105 1133 3189 quaestiones
1161 3127 1233 3169 cum
1255 3128 1350 3190 gene-

204 3214 299 3280 ratim
315 3215 454 3297 antiquis
468 3214 684 3299 philosophis,
707 3218 777 3280 tum
790 3215 952 3298 imprimis,
963 3215 1103 3299 Epicuro
1119 3238 1157 3280 ex
1173 3218 1349 3279 atomorum

205 3323 382 3407 agitatione
405 3327 437 3388 et
459 3325 663 3390 concretione
684 3326 864 3391 universum
889 3325 1057 3389 deducenti
1071 3325 1277 3410 gravissimae
1299 3347 1351 3390 ex·

205 3433 370 3516 stiterunt,
399 3434 516 3518 quippe
539 3435 628 3520 cujus
650 3435 688 3499 de
708 3435 784 3518 diis,
808 3434 846 3498 dc
871 3434 993 3516 anima,
1022 3434 1061 3498 de
1082 3435 1213 3517 mundo,
1237 3435 1349 3500 ceteris

205 3541 349 3608 docmina
376 3543 450 3607 inde
479 3544 664 3610 illustretur.
709 3543 758 3609 Of.
787 3543 882 3628 Diog.
912 3543 1016 3607 Laert.
1045 3542 1091 3627 X,
1118 3545 1170 3609 40.
1197 3544 1240 3610 54
1261 3566 1347 3628 seqq.

204 3651 329 3718 Lucret.
359 3652 401 3716 de‘
425 3675 485 3718 rer.
514 3656 579 3717 nat.
610 3653 635 3737 I,
662 3653 726 3719 584
746 3674 833 3738 seqq.
863 3652 905 3736 Π,
932 3653 996 3718 478
1017 3674 1104 3737 seqq.
1135 3654 1222 3739 (cum
1242 3653 1347 3717 Munr.

204 3763 342 3847 annott.)
366 3766 398 3827 et
419 3786 499 3847 quae
520 3785 580 3828 nos
603 3763 643 3827 ad
659 3763 793 3828 Metrod.
815 3764 930 3848 fragm.
953 3762 1071 3827 numl
1093 3764 1325 3828 annotabimus

354 3873 390 3956 4)
412 3875 509 3952 Περὶ
531 3878 640 3940 θεῶν.

288 3981 411 4047 Laudat
432 3981 494 4047 hcc
516 4003 596 4067 opus
611 3982 817 4048 Philodemus
832 3985 853 4049 l.
870 4006 895 4049 c.
913 4005 985 4069 pag.
1004 3984 1063 4048 137
1079 3982 1164 4067 apud
1180 3982 1346 4068 Gomperz.
1390 4067 1392 4071 Ι

206 4089 255 4175 (O.
273 4092 311 4156 A.
327 4092 361 4156 II
375 4113 449 4177 pag.
468 4091 558 4178 122):
581 4096 633 4158 καὶ
656 4093 904 4182 Μητρό(δωροε)
926 4096 1077 4176 τυγχάνει
1101 4144 1177 4159 ......
1201 4094 1276 4179 (οὐκ
1297 4095 1348 4176 ἐν)

194 4207 250 4286 ,τῷ
272 4204 344 4282 περὶ
366 4202 465 4288 θε(ῶν
489 4201 574 4285 οὐ)δ’
601 4203 636 4270 ἐν
663 4211 710 4288 τῷ
736 4203 823 4289 πε(ρὶ
845 4206 1051 4291 μετα)βολῆε,
1081 4202 1135 4267 ubi
1164 4204 1237 4283 περὶ
1264 4209 1348 4271 θεῶν

204 4331 270 4373 non
292 4310 386 4376 dubie
407 4312 594 4394 reposcitur.
638 4312 676 4376 In
692 4296 873 4379 universum
889 4313 928 4377 cf.
946 4312 1010 4378 Cic.
1025 4313 1064 4377 de
1079 4316 1143 4377 nat.
1161 4313 1246 4378 deor.
1262 4313 1288 4377 Ι.
1305 4312 1347 4377 Π.
