2956 4942
629 279 845 350 -35-'

164 459 365 538 Μεγαρικοῦ(
395 458 555 537 διαπορίαι
577 454 671 540 Diog.
695 454 799 518 Laert.
823 453 862 537 X,
885 454 941 540 27)
971 454 1150 519 confirmari
1172 455 1304 519 videtur.

163 567 211 632 Of.
235 567 349 631 Ritter.
373 570 405 631 et
426 566 557 630 Preller.
585 565 660 629 hist.
683 564 798 648 philos.
821 563 868 627 ed.
886 562 935 628 III
957 565 1055 645 §228
1070 568 1135 629 not.
1180 565 1306 629 Primus
1359 572 1362 576 ’

80 654 86 665 ’
162 677 305 765 Euclidis
334 679 504 741 sectatores
531 676 658 740 vocavit
683 674 875 739 Dialectioos
897 674 1071 757 Dionysius
1102 677 1120 741 ὁ
1147 677 1306 757 Καρχηδό-

163 787 267 873 vrotf)
291 790 430 851 testante
452 785 548 871 Diog.
571 786 676 850 Laert.
699 785 889 868 ll,10,106
911 789 963 851 διὰ
984 788 1022 852 τὸ
1045 789 1128 866 πρὸ(
1154 787 1307 868 ἐρώτηειν

162 900 213 964 καὶ
240 898 404 977 ἀπόκριειν
432 899 510 962 τοὺ(
532 896 652 973 λόγου(
675 898 870 962 διατίθεεθαι.
914 896 1067 960 Attamen
1089 895 1308 960 Metrodorum

163 1029 273 1072 omnes
301 1007 439 1071 voluisse
468 1005 677 1090 philosophos
706 1006 784 1089 dici,
820 1006 890 1072 ὅεοι
917 1009 991 1086 περὶ
1017 1009 1076 1085 τὴν
1104 1012 1170 1073 τῶν
1199 1008 1307 1084 λόγων

162 1119 326 1199 τερθρείαν
341 1117 564 1193 καταγίνονται
589 1116 698 1200 (Diog.
715 1116 819 1180 Luert.
836 1137 977 1200 prooem.
995 1117 1050 1200 17,
1074 1117 1114 1180 of.
1130 1116 1307 1181 Philodem.

162 1229 235 1308 περὶ
262 1228 455 1309 φιλοεόφων
483 1227 630 1311 frogmm.
654 1227 688 1289 in
711 1225 745 1290 C.
768 1226 804 1290 P.
828 1225 909 1289 VIII
932 1227 991 1290 col.
1012 1228 1081 1311 17),
1111 1227 1212 1290 multo
1243 1227 1309 1290 veri
1368 1286 1376 1305 ,

164 1342 212 1402 est
247 1338 381 1402 similius
416 1336 590 1401 secundum
618 1336 657 1399 A.
679 1320 898 1401 ‘Octavianum
929 1337 1028 1421 praef.
1063 1338 1103 1400 ad
1130 1336 1308 1404 Philodem.

163 1447 281 1512 rhetor.
311 1444 347 1512 O.
370 1447 404 1511 P.
434 1446 479 1529 V,
508 1450 527 1527 ξ
551 1447 605 1528 11,
639 1444 722 1510 Salv.
752 1445 909 1530 Oyrillum
936 1447 1034 1531 praef.
1064 1446 1104 1510 ad
1131 1439 1308 1510 Philodem.

162 1560 315 1637 περὶτοῦ
337 1558 405 1622 καθ’
428 1547 572 1636 Ὅμηρον
596 1555 718 1634 ἀγαθοῦ
741 1559 822 1622 λαοῦ
845 1557 879 1620 in
902 1556 938 1622 O.
961 1557 997 1621 P.
1020 1556 1111 1641 VIII,
1134 1556 1206 1640 §Q
1231 1555 1308 1620 Ges-

165 1667 297 1731 sendum
320 1667 358 1730 de
381 1668 462 1750 vita,
491 1666 632 1730 moribus
655 1669 687 1730 et
709 1667 854 1745 doctrina
876 1667 1009 1751 Epicuri
1029 1666 1109 1751 VII,
1134 1667 1182 1731 10.
1227 1666 1309 1730 Eam

163 1776 384 1862 philosophiae
412 1756 550 1860 partem,
584 1799 664 1860 quae
692 1780 741 1840 est
768 1776 941 1861 quaerendi
970 1800 1006 1843 ec
1034 1777 1226 1860 disserendi,
1254 1798 1309 1840 ne-

162 1887 300 1972 glexisse
323 1886 451 1951 scholae
472 1887 634 1971 principes
665 1890 698 1951 et
720 1909 968 1971 supervacaneas
999 1888 1126 1952 duxisse
1148 1887 1309 1952 definitio-

163 2019 230 2082 nes,
245 1998 387 2062 referunt
402 1996 514 2062 Cicero
529 1998 568 2061 de
583 1997 671 2092 finib.
687 1997 712 2081 I,
724 1998 752 2061 7.
769 1997 811 2082 H,
823 1998 891 2062 (iel.
914 1998 1014 2062 Acad.
1030 1997 1056 2082 I,
1071 1999 1120 2062 19.
1137 1997 1178 2062 H.
1195 1998 1237 2062 30
1249 1997 1308 2081 al.;

164 2106 326 2192 Diogenes
341 2107 485 2171 Laertius
500 2107 540 2191 X,
556 2108 612 2171 31:
635 2111 693 2189 τὴν
709 2111 903 2188 διαλεκτικὴν
925 2110 970 2175 ὼε
985 2111 1209 2189 παρέλκουεαν
1231 2109 1310 2173 ἀπο-

165 2218 400 2298 δοκιμάζουειν·
423 2219 532 2297 ἀρκεῖν
554 2220 616 2298 γὰρ
632 2221 710 2284 τούε
733 2220 886 2300 φυεικοὺε
908 2223 1027 2299 χωρεῖν
1050 2202 1130 2284 νατὰ
1145 2220 1223 2284 τοὺε
1244 2224 1310 2284 τῶν

165 2329 360 2408 πραγμάτων
384 2329 557 2410 φθόγγουε.
588 2327 710 2392 Tamen
726 2328 873 2392 concludi
895 2327 933 2391 de
954 2329 1084 2392 incertis
1100 2329 1207 2412 exiis,
1231 2349 1311 2412 quae

166 2438 318 2522 cognosci
331 2438 472 2521 possint,
495 2459 624 2502 necesse
647 2460 796 2502 essenon
811 2440 973 2522 negarunt
995 2438 1078 2522 apud
1093 2437 1189 2522 Diog.
1207 2436 1310 2501 Laert.

165 2546 206 2631 X,
221 2548 277 2612 32:
299 2551 373 2628 περὶ
387 2554 452 2614 τῶν
475 2547 606 2628 ἀδήλων
629 2548 694 2614 ἀπὸ
709 2556 775 2615 τῶν
799 2550 1008 2630 φαινομένων
1024 2550 1083 2629 χρὴ
1106 2552 1311 2628 εημειοῦεθαι.

166 2657 251 2734 Quin
274 2657 435 2722 Zenonem
459 2661 491 2722 ct
512 2657 735 2722 Philodemum
757 2659 854 2723 istam
876 2659 1039 2744 cogitandi
1060 2659 1219 2723 rationem
1242 2658 1312 2721 dili-

166 2769 279 2852 genter
307 2768 442 2832 coluisse
476 2768 569 2832 docet
595 2768 774 2833 Philodemi
805 2769 886 2833 liber
913 2772 986 2849 περὶ
1014 2771 1148 2851 εημείων
1183 2771 1235 2835 καὶ
1262 2791 1312 2849 εη-

167 2879 329 2960 μειώεεων
357 2879 392 2942 in
415 2876 451 2943 O.
475 2880 514 2943 A.
538 2876 586 2942 IV
617 2878 684 2962 (ed.
708 2877 875 2962 Gomperz.
899 2879 985 2963 Lips.
1009 2880 1102 2944 1865.
1141 2879 1189 2945 of.
1213 2879 1312 2963 praef.

166 3009 240 3072 pag.
248 2987 392 3073 Xlseq.).
415 2987 488 3052 Vid.
501 2988 622 3052 Prantl.
638 2987 852 3072 „Gesohiohte
865 2990 920 3053 der
932 2989 1057 3074 Logik“
1069 2989 1085 3052 I
1096 3011 1170 3074 pag.
1177 2988 1312 3072 402seq.

321 3123 374 3209 14)
397 3126 503 3203 Πρὸε
525 3126 618 3190 robe
641 3127 841 3206 εοφιετάε.
972 3202 975 3207 ,

252 3250 415 3335 Diogenes
430 3249 574 3315 Laertius
589 3250 629 3334 X,
646 3252 689 3316 24
710 3252 820 3317 laudet
833 3272 949 3316 novem
965 3251 1060 3337 hujus
1083 3252 1188 3337 operis
1204 3253 1313 3316 libros.

168 3359 358 3425 Plutarchus
386 3359 473 3446 (non
493 3383 589 3445 posse
611 3384 697 3426 suav.
720 3363 783 3426 viv.
810 3363 890 3427 1091
907 3363 958 3446 Α)
988 3385 1026 3426 ex
1053 3363 1093 3425 iis
1116 3362 1315 3445 deprompsit

169 3471 284 3556 fragm.
308 3470 443 3535 Metrod.
472 3495 559 3536 num.
582 3471 630 3535 IV
658 3476 690 3536 et
712 3472 853 3536 Galenus
883 3471 942 3555 (de
964 3471 1037 3535 libr.
1060 3492 1167 3555 propr.
1193 3471 1251 3556 17)
1282 3493 1315 3534 se

169 3584 279 3644 narrat
304 3581 422 3645 librum
449 3585 522 3661 περὶ
543 3588 609 3649 τῶν
638 3585 721 3662 πρόε
743 3585 819 3647 τοὺε
842 3582 993 3664 εοφιετὰε
1019 3582 1114 3648 ἐννέα
1138 3568 1314 3660 Μητροδώ-
1393 3572 1397 3580 ’

170 3712 230 3770 ρον
242 3692 267 3776 ⁸)
292 3692 466 3775 scripsisse.
500 3691 648 3757 Ceterum
670 3693 839 3776 praecipue
862 3692 989 3775 quidem
1012 3690 1224 3755 ePhilodemi
1245 3690 1315 3754 rhe-

168 3801 304 3865 toricum
320 3802 462 3885 reliquiis
478 3805 619 3887 constat,
635 3802 674 3866 de
690 3802 836 3866 omnibus
852 3801 1082 3886 propemodum
1093 3799 1315 3884 philosophiae

238 4078 259 4140 r)
278 4073 375 4128 Cobet.
389 4072 504 4128 exhibet
517 4074 719 4143 Χαλκηδόνιοε,
739 4073 788 4126 sed
800 4072 830 4126 in
841 4073 934 4127 indice
948 4074 1067 4141 Καρχηδ.
1091 4069 1205 4125 Rossins
1218 4085 1317 4123 comm.

170 4157 274 4213 Laertt.
292 4175 358 4226 pag.
370 4163 386 4212 8
399 4173 457 4224 seq.
487 4159 607 4225 Χαλκηδ.
625 4156 805 4211 scribendum
823 4159 918 4211 censet
935 4158 1051 4224 propter
1068 4155 1162 4209 locum
1172 4154 1317 4208 Strabonis

170 4258 266 4311 geogr.
278 4242 339 4308 XII,
352 4247 410 4307 566,
429 4243 478 4295 ubi
491 4241 655 4310 Dionysium
667 4245 720 4295 τὸν
731 4243 906 4296 διαλεκτικὸν
924 4240 1086 4309 eBithynio
1103 4240 1144 4292 sit
1161 4238 1317 4293 oriundum.

241 4328 263 4392 ⁸)
282 4327 346 4380 Vid.
367 4327 446 4380 Joan.
465 4327 553 4380 Jonsii
571 4328 606 4380 ‹le
626 4327 752 4395 scriptor.
770 4326 835 4379 hist.
853 4325 954 4394 philos.
973 4326 996 4390 l,
1015 4331 1056 4390 20,
1074 4331 1097 4377 4.

1073 4428 1110 4480 3*
