2956 4942
722 253 734 268 ἱ

627 279 833 341 ..15-

158 448 302 513 fontibus
324 470 400 512 usus
423 448 466 510 sit
487 447 526 510 ad
549 447 718 530 epistulam
741 436 1016 529 conscribendam,
1039 470 1077 511 ex
1098 445 1230 532 Epicuri
1253 447 1303 514 de-

159 559 332 642 scriptione
355 557 610 640 petulantissime
633 556 781 620 instituta
802 555 897 620 facile
918 557 1107 641 colligimus.
1145 557 1304 624 Nimirum

97 680 100 691 ‘
157 672 268 752 poetas
296 658 435 731 comicos
457 666 589 749 Epicuri
616 664 728 729 hortos
756 687 885 748 carpere
908 665 991 729 haud
1014 667 1209 750 neglexisse,
1237 673 1303 733 tam

157 799 263 861 perse
284 779 333 840 est
351 776 515 859 probabile
536 797 631 858 quam
654 774 878 857 comprobatur
895 775 1094 859 fragmentis.
1133 774 1182 842 Cf.
1199 778 1303 862 Hege-

158 889 239 970 sipp.
268 886 431 949 Philetair.
463 885 545 968 apud
574 884 693 947 Athen.
722 882 875 966 Deipnos.
904 883 982 964 VII,
1006 885 1114 949 2791)
1144 887 1302 969 (Meinelx.

157 997 305 1080 fragmm.
328 995 439 1059 comio.
465 994 527 1077 IV,
543 995 637 1079 481),
660 993 837 1057 Damoxen.
862 993 1034 1078 Syntroph.
1059 995 1134 1058 ibid.
1158 995 1222 1079 ΠΙ,
1243 999 1302 1061 101

159 1129 223 1190 seq.
240 1105 392 1188 (Meinelr.
408 1104 464 1186 IV,
480 1105 543 1168 530
555 1106 669 1189 sequ),
685 1103 799 1167 Baton.
817 1102 1026 1187 Androphon.
1043 1106 1118 1169 ibid.
1128 1104 1301 1188 V11,2790

158 1216 307 1296 (Meinek.
331 1215 393 1297 IV,
416 1214 502 1298 500).
549 1213 639 1288 Quod
668 1216 778 1276 contra
796 1213 984 1278 invenimus
1014 1215 1097 1297 apud
1126 1215 1301 1280 Philoclem.

158 1324 196 1388 de
217 1325 336 1408 pietate
360 1324 422 1408 (ed.
441 1323 608 1406 Gomperz.
624 1345 697 1407 pag.
714 1324 765 1390 93.
802 1322 852 1386 Of.
869 1323 1053 1388 Zeitschrift
1074 1325 1301 1390 surdaster.

159 1434 311 1517 Gymnas.
328 1433 388 1498 XV
403 1455 475 1518 pag.
493 1435 552 1497 731
570 1433 668 1516 scq.):
692 1435 845 1499 ἁπάντων
868 1437 903 1498 δὲ
926 1436 1186 1516 κωμῳδηθέντων
1201 1438 1302 1516 μόνοε

157 1547 342 1624 Ἐπίκουρος
369 1544 433 1623 ἅμα
460 1547 527 1608 τοῖς
549 1545 684 1622 γνηείωε
707 1545 910 1624 euphraimus
938 1545 1026 1626 αὐτῷ
1049 1583 1087 1591 -
1113 1547 1302 1627 διεφύλαξεν

157 1655 271 1738 αὐτόν,
295 1655 366 1720 ἀλλ’
381 1655 451 1719 οὐδ’
469 1655 533 1719 ὑπὸ
553 1657 591 1720 τὸ
614 1655 821 1734 μιεόχρηετον
838 1655 934 1733 (τόμα
952 1692 988 1700 -
1005 1655 1096 1720 faece
1111 1659 1166 1733 τῆ(
1189 1678 1301 1738 κωμῳ-

158 1767 235 1846 siue,
258 1764 289 1826 id
312 1763 538 1846 philosophum
555 1763 770 1827 Gadarenscm
792 1783 858 1824 non
880 1763 919 1825 ad
935 1765 1035 1826 totam
1058 1765 1155 1827 vitam
1170 1763 1301 1847 Epicuri

66 1929 68 1932 ,
157 1895 345 1957 eorumque,
375 1875 428 1957 qui
451 1896 607 1937 unacum
634 1873 743 1936 eodem
764 1873 900 1952 γνηείωε
922 1874 1072 1956 vixerint,
1102 1874 1173 1957 sed,
1201 1878 1236 1937 ut
1262 1897 1300 1937 ex

157 1983 418 2047 antecedentibus
441 1985 532 2046 initio
555 1983 676 2046 mutilis
699 1983 823 2046 videtur
845 1983 982 2063 elucere,
1012 1962 1051 2045 ad
1074 2005 1182 2046 casum
1205 2006 1300 2066 queu-

157 2094 229 2156 dam
252 2094 445 2177 singularem
467 2092 614 2158 retulisse
636 2093 781 2157 existimo
793 2092 833 2177 k).

240 2203 291 2266 Ad
319 2204 457 2287 gloriam
480 2225 554 2266 vero
578 2202 718 2284 Leontii,
747 2201 887 2265 mulieris
910 2201 978 2265 sine
1007 2203 1102 2266 dubio
1125 2203 1246 2268 facetae
1270 2207 1301 2268 et

156 2294 355 2398 ingeniosae,
379 2312 634 2395 amplificandam
649 2313 796 2375 nonnulli
818 2312 877 2374 viri
892 2312 978 2375 docti
999 2335 1068 2376 eam
1090 2314 1212 2396 opinati
1227 2319 1302 2378 sunt

157 2423 289 2487 eandem
317 2424 415 2486 fuisse
444 2425 538 2504 atque
565 2422 670 2504 illam,
700 2423 749 2484 cui
774 2421 1002 2485 Hermesianax
1024 2426 1119 2504 poeta
1141 2423 1300 2507 Colopho-

155 2533 226 2596 nius
254 2535 313 2596 tris
347 2533 506 2596 dedicavit
534 2533 696 2616 elegorum
725 2529 824 2592 libros
860 2528 996 2613 (Athen.
1027 2529 1179 2615 Deipnos.
1210 2533 1299 2617 XII,

154 2644 317 2730 593s597).

241 2754 328 2829 Quae
351 2754 476 2838 opinio,
499 2753 525 2816 si
548 2753 620 2836 quis
643 2754 746 2816 solum
768 2752 899 2835 respicit
920 2746 1061 2838 tempus,
1085 2757 1168 2817 stare
1183 2757 1298 2838 potest,

155 2864 243 2947 licet,
272 2886 333 2947 quo
356 2868 499 2947 tempore
522 2863 606 2927 diem
629 2884 810 2946 supremum
838 2863 954 2926 obierit
974 2867 1084 2947 poeta,
1114 2865 1200 2947 ipsos
1224 2866 1299 2929 scri·

154 2978 261 3057 ptores
293 2977 414 3039 veteres
446 2973 566 3058 fugisse
600 2976 734 3037 constet.
788 2972 949 3037 Nimirum
981 2974 1155 3038 Pausanias
1189 2974 1298 3039 Graec.

155 3086 254 3149 deser.
278 3084 340 3166 Ι,9
361 3085 656 3148 Hermesianactem
679 3105 698 3147 a
720 3083 907 3166 Colophone
930 3083 1098 3146 oriundum
1121 3107 1158 3147 ea
1179 3087 1298 3169 tempe-

62 3266 64 3270 ,
154 3198 244 3278 state,
262 3217 323 3278 qua
334 3195 540 3277 Lysimachus
555 3195 691 3277 patriam
702 3196 815 3277 poetae
831 3193 1022 3256 destruxerit
1037 3194 1146 3274 (sora.
1156 3193 1297 3278 (than),

149 3306 217 3388 jam
239 3308 399 3369 mortuum
416 3306 515 3371 fuisse
538 3304 610 3368 inde
633 3305 785 3387 conjecit,
808 3303 907 3387 quod,
931 3304 958 3366 si
980 3306 1057 3367 tunc
1080 3304 1181 3367 adhuc
1205 3305 1298 3368 vixis·

154 3419 217 3498 set,
240 3417 334 3480 istam
356 3417 480 3479 ruinani
502 3415 602 3497 elegis
625 3418 816 3496 conquestus
839 3417 932 3478 esset.

237 3525 430 3610 Praeceptor
463 3524 733 3589 Hennesianactis
769 3523 910 3587 Philetas
943 3523 1028 3589 Cous
1035 3573 1044 3605 ,
1079 3523 1296 3588 Ptolemaeum

153 3634 398 3719 Philadelphum
427 3636 554 3699 circiter
581 3657 608 3698 a.
632 3635 694 3699 306
722 3636 834 3697 natum
857 3634 1017 3716 educavit,
1046 3632 1144 3716 unde,
1174 3633 1201 3697 si
1223 3656 1297 3696 vera

153 3749 202 3809 est
216 3745 393 3810 Pausaniae
416 3746 541 3829 opinio,
564 3745 654 3807 illum
677 3745 785 3809 multis
807 3746 900 3808 annis
922 3743 1176 3807 Hermesianacti
1199 3743 1297 3806 fuisse

153 3857 369 3940 superstitem,
397 3856 482 3919 hunc
506 3877 579 3920 vero
601 3859 678 3919 natu
700 3877 767 3918 nou
794 3856 839 3918 ita
860 3854 1015 3938 grandem
1038 3855 1103 3918 vita
1125 3853 1297 3918 excessisse

156 4039 357 4046 --—*——

147 4202 149 4206 ,
221 4146 242 4213 ¹)
268 4145 308 4199 cf.
329 4117 350 4197 l.
372 4163 395 4200 c.
418 4163 488 4200 vers.
506 4149 521 4199 8
539 4160 630 4212 seqq.:
655 4145 740 4199 ἐνίων
759 4145 809 4212 μὲν
827 4144 1025 4209 ἐνκληθὲντων
1047 4143 1092 4196 ἐπὶ
1115 4148 1157 4209 τῷ
1177 4141 1227 4209 βίῳ
1250 4144 1296 4194 καὶ

151 4235 210 4284 rol(
228 4233 322 4296 λόγοι(
339 4233 520 4299 φιλοςόφων,
540 4230 625 4284 ἐνίων
638 4233 667 4283 δὲ
681 4231 732 4284 κάκ
750 4235 801 4296 τῆς
820 4230 945 4294 πόλεως,
964 4232 1053 4281 τινῶν
1071 4229 1101 4280 δὲ
1119 4227 1296 4294 auhuman(

152 4317 304 4382 ευμμαχία(
323 4317 521 4383 ἐξοριεθέντων
540 4319 585 4371 καὶ
604 4315 846 4380 θανατωθέντων,
864 4313 1002 4366 ἁπάντων
1019 4313 1050 4365 δέ
1067 4315 1126 4366 κτλ.
