<?xml version="1.0" encoding="UTF-8"?>
<!DOCTYPE html PUBLIC "-//W3C//DTD XHTML 1.0 Transitional//EN"
    "http://www.w3.org/TR/xhtml1/DTD/xhtml1-transitional.dtd">
<html xmlns="http://www.w3.org/1999/xhtml" xml:lang="en" lang="en">
 <head>
  <title>
</title>
<meta http-equiv="Content-Type" content="text/html;charset=utf-8" />
  <meta name='ocr-system' content='tesseract 3.04.00' />
  <meta name='ocr-capabilities' content='ocr_page ocr_carea ocr_par ocr_line ocrx_word'/>
</head>
<body>
  <div class='ocr_page' id='page_1' title='image "./demetrodoriepic00duengoog_0054.png"; bbox 0 0 2956 4942; ppageno 0'>
   <div class='ocr_carea' id='block_1_1' title="bbox 598 331 808 394">
    <p class='ocr_par' dir='ltr' id='par_1_1' title="bbox 598 331 808 394">
     <span class='ocr_line' id='line_1_1' title="bbox 598 331 808 394; baseline 0.014 -17"><span class='ocrx_word' id='word_1_1' title='bbox 598 331 808 394; x_wconf 68' lang='lat'>..43-</span> 
     </span>
    </p>
   </div>
   <div class='ocr_carea' id='block_1_2' title="bbox 127 496 1310 804">
    <p class='ocr_par' dir='ltr' id='par_1_2' title="bbox 127 496 1310 804">
     <span class='ocr_line' id='line_1_2' title="bbox 128 496 1275 581; baseline 0.003 -20"><span class='ocrx_word' id='word_1_2' title='bbox 128 496 284 581; x_wconf 83' lang='lat' dir='ltr'>perientia</span> <span class='ocrx_word' id='word_1_3' title='bbox 305 498 340 562; x_wconf 92' lang='lat' dir='ltr'>in</span> <span class='ocrx_word' id='word_1_4' title='bbox 356 497 424 562; x_wconf 89' lang='lat' dir='ltr'>solo</span> <span class='ocrx_word' id='word_1_5' title='bbox 440 498 724 574; x_wconf 85' lang='lat' dir='ltr'>fortuitorumusu</span> <span class='ocrx_word' id='word_1_6' title='bbox 739 501 873 565; x_wconf 87' lang='lat' dir='ltr'>fortuito</span> <span class='ocrx_word' id='word_1_7' title='bbox 888 521 1017 565; x_wconf 86' lang='lat' dir='ltr'>versans</span> <span class='ocrx_word' id='word_1_8' title='bbox 1039 500 1172 565; x_wconf 87' lang='lat' dir='ltr'>oonsilio</span> <span class='ocrx_word' id='word_1_9' title='bbox 1189 504 1275 565; x_wconf 92' lang='lat' dir='ltr'>caret</span> 
     </span>
     <span class='ocr_line' id='line_1_3' title="bbox 129 596 1310 694; baseline 0.003 -23"><span class='ocrx_word' id='word_1_10' title='bbox 129 609 223 690; x_wconf 85' lang='lat' dir='ltr'>atque</span> <span class='ocrx_word' id='word_1_11' title='bbox 238 608 403 672; x_wconf 90' lang='lat' dir='ltr'>industria.</span> <span class='ocrx_word' id='word_1_12' title='bbox 439 609 519 673; x_wconf 87' lang='lat' dir='ltr'>Arte</span> <span class='ocrx_word' id='word_1_13' title='bbox 535 631 573 674; x_wconf 91' lang='lat' dir='ltr'>ex</span> <span class='ocrx_word' id='word_1_14' title='bbox 587 610 681 674; x_wconf 90' lang='lat' dir='ltr'>rebus</span> <span class='ocrx_word' id='word_1_15' title='bbox 697 611 784 674; x_wconf 89' lang='lat' dir='ltr'>elicit</span> <span class='ocrx_word' id='word_1_16' title='bbox 802 611 1029 693; x_wconf 78' lang='lat' dir='ltr'>experientiam</span> <span class='ocrx_word' id='word_1_17' title='bbox 1045 611 1136 694; x_wconf 92' lang='lat' dir='ltr'>eique</span> <span class='ocrx_word' id='word_1_18' title='bbox 1153 614 1273 674; x_wconf 88' lang='lat' dir='ltr'>certum</span> <span class='ocrx_word' id='word_1_19' title='bbox 1307 596 1310 604; x_wconf 43' lang='lat'><em>¹</em></span> 
     </span>
     <span class='ocr_line' id='line_1_4' title="bbox 127 718 1273 804; baseline 0.003 -23"><span class='ocrx_word' id='word_1_20' title='bbox 127 718 281 801; x_wconf 74' lang='lat' dir='ltr'>proponit</span> <span class='ocrx_word' id='word_1_21' title='bbox 302 719 398 783; x_wconf 88' lang='lat' dir='ltr'>finem</span> <span class='ocrx_word' id='word_1_22' title='bbox 420 718 640 803; x_wconf 83' lang='lat' dir='ltr'>philosophia,</span> <span class='ocrx_word' id='word_1_23' title='bbox 672 742 765 804; x_wconf 87' lang='lat' dir='ltr'>quae,</span> <span class='ocrx_word' id='word_1_24' title='bbox 794 721 868 784; x_wconf 91' lang='lat' dir='ltr'>dum</span> <span class='ocrx_word' id='word_1_25' title='bbox 897 721 966 804; x_wconf 83' lang='lat' dir='ltr'>ipse</span> <span class='ocrx_word' id='word_1_26' title='bbox 993 725 1042 785; x_wconf 89' lang='lat' dir='ltr'>est</span> <span class='ocrx_word' id='word_1_27' title='bbox 1070 721 1273 804; x_wconf 78' lang='lat' dir='ltr'>experientia,</span> 
     </span>
    </p>
   </div>
   <div class='ocr_carea' id='block_1_3' title="bbox 129 829 1410 915">
    <p class='ocr_par' dir='ltr' id='par_1_3' title="bbox 129 829 1410 915">
     <span class='ocr_line' id='line_1_5' title="bbox 129 829 1410 915; baseline 0.001 -23"><span class='ocrx_word' id='word_1_28' title='bbox 129 849 257 893; x_wconf 86' lang='lat' dir='ltr'>omnem</span> <span class='ocrx_word' id='word_1_29' title='bbox 271 850 317 893; x_wconf 88' lang='lat' dir='ltr'>eo</span> <span class='ocrx_word' id='word_1_30' title='bbox 341 829 447 893; x_wconf 85' lang='lat' dir='ltr'>studet</span> <span class='ocrx_word' id='word_1_31' title='bbox 468 851 572 893; x_wconf 90' lang='lat' dir='ltr'>rerum</span> <span class='ocrx_word' id='word_1_32' title='bbox 596 831 824 915; x_wconf 83' lang='lat' dir='ltr'>experientiam</span> <span class='ocrx_word' id='word_1_33' title='bbox 847 832 1005 914; x_wconf 84' lang='lat' dir='ltr'>conferre,</span> <span class='ocrx_word' id='word_1_34' title='bbox 1034 834 1070 894; x_wconf 93' lang='lat' dir='ltr'>ut</span> <span class='ocrx_word' id='word_1_35' title='bbox 1091 831 1157 894; x_wconf 82' lang='lat' dir='ltr'>vita</span> <span class='ocrx_word' id='word_1_36' title='bbox 1180 853 1273 914; x_wconf 91' lang='lat' dir='ltr'>quam</span> <span class='ocrx_word' id='word_1_37' title='bbox 1400 833 1410 854; x_wconf 80' lang='lat'>⁸</span> 
     </span>
    </p>
   </div>
   <div class='ocr_carea' id='block_1_4' title="bbox 100 938 1276 1464">
    <p class='ocr_par' dir='ltr' id='par_1_4' title="bbox 100 938 1276 1464">
     <span class='ocr_line' id='line_1_6' title="bbox 128 938 1274 1028; baseline 0.002 -27"><span class='ocrx_word' id='word_1_38' title='bbox 128 938 268 1002; x_wconf 87' lang='lat' dir='ltr'>maxima</span> <span class='ocrx_word' id='word_1_39' title='bbox 296 940 456 1022; x_wconf 81' lang='lat' dir='ltr'>repleatur</span> <span class='ocrx_word' id='word_1_40' title='bbox 473 939 682 1028; x_wconf 82' lang='lat' dir='ltr'>jucunditate.</span> <span class='ocrx_word' id='word_1_41' title='bbox 727 940 831 1016; x_wconf 82' lang='lat' dir='ltr'>Quare</span> <span class='ocrx_word' id='word_1_42' title='bbox 854 940 978 1005; x_wconf 91' lang='lat' dir='ltr'>definiri</span> <span class='ocrx_word' id='word_1_43' title='bbox 1006 942 1113 1024; x_wconf 84' lang='lat' dir='ltr'>potest</span> <span class='ocrx_word' id='word_1_44' title='bbox 1133 940 1274 1024; x_wconf 91' lang='lat' dir='ltr'>philoso-</span> 
     </span>
     <span class='ocr_line' id='line_1_7' title="bbox 127 1047 1273 1142; baseline 0.003 -31"><span class='ocrx_word' id='word_1_45' title='bbox 127 1047 204 1132; x_wconf 85' lang='lat' dir='ltr'>phia</span> <span class='ocrx_word' id='word_1_46' title='bbox 219 1049 415 1132; x_wconf 79' lang='lat' dir='ltr'>experientia</span> <span class='ocrx_word' id='word_1_47' title='bbox 429 1052 496 1114; x_wconf 90' lang='lat' dir='ltr'>arte</span> <span class='ocrx_word' id='word_1_48' title='bbox 512 1050 668 1114; x_wconf 83' lang='lat' dir='ltr'>institute.</span> <span class='ocrx_word' id='word_1_49' title='bbox 692 1050 740 1142; x_wconf 79' lang='lat' dir='ltr'>Of.</span> <span class='ocrx_word' id='word_1_50' title='bbox 752 1050 960 1136; x_wconf 83' lang='lat' dir='ltr'>Diog.Laert.·</span> <span class='ocrx_word' id='word_1_51' title='bbox 972 1051 1012 1134; x_wconf 83' lang='lat' dir='ltr'>X,</span> <span class='ocrx_word' id='word_1_52' title='bbox 1028 1051 1097 1114; x_wconf 80' lang='lat'>122.</span> <span class='ocrx_word' id='word_1_53' title='bbox 1116 1051 1177 1114; x_wconf 85' lang='lat'>144</span> <span class='ocrx_word' id='word_1_54' title='bbox 1187 1072 1273 1132; x_wconf 86' lang='lat' dir='ltr'>seqq.</span> 
     </span>
     <span class='ocr_line' id='line_1_8' title="bbox 129 1157 1273 1245; baseline 0 -23"><span class='ocrx_word' id='word_1_55' title='bbox 129 1161 162 1222; x_wconf 83' lang='lat' dir='ltr'>et</span> <span class='ocrx_word' id='word_1_56' title='bbox 184 1157 269 1222; x_wconf 80' lang='lat' dir='ltr'>Sext.</span> <span class='ocrx_word' id='word_1_57' title='bbox 292 1159 414 1243; x_wconf 82' lang='lat' dir='ltr'>Empir.</span> <span class='ocrx_word' id='word_1_58' title='bbox 437 1160 506 1224; x_wconf 86' lang='lat' dir='ltr'>adv.</span> <span class='ocrx_word' id='word_1_59' title='bbox 529 1160 626 1224; x_wconf 88' lang='lat' dir='ltr'>math.</span> <span class='ocrx_word' id='word_1_60' title='bbox 649 1159 712 1244; x_wconf 81' lang='lat' dir='ltr'>XI,</span> <span class='ocrx_word' id='word_1_61' title='bbox 738 1161 812 1244; x_wconf 85' lang='lat'><strong>169,</strong></span> <span class='ocrx_word' id='word_1_62' title='bbox 843 1163 933 1245; x_wconf 86' lang='lat' dir='ltr'>cujus</span> <span class='ocrx_word' id='word_1_63' title='bbox 954 1161 1051 1225; x_wconf 85' lang='lat' dir='ltr'>verba</span> <span class='ocrx_word' id='word_1_64' title='bbox 1077 1159 1155 1224; x_wconf 89' lang='lat' dir='ltr'>haec</span> <span class='ocrx_word' id='word_1_65' title='bbox 1185 1162 1273 1223; x_wconf 90' lang='lat' dir='ltr'>sunt:</span> 
     </span>
     <span class='ocr_line' id='line_1_9' title="bbox 100 1257 1276 1352; baseline 0 -18"><span class='ocrx_word' id='word_1_66' title='bbox 100 1257 102 1261; x_wconf 38' lang='lat'>¹</span> <span class='ocrx_word' id='word_1_67' title='bbox 128 1269 313 1348; x_wconf 79' lang='grc' dir='ltr'>Ἐπίκουροι</span> <span class='ocrx_word' id='word_1_68' title='bbox 342 1271 432 1346; x_wconf 85' lang='grc' dir='ltr'>ἔλεγε</span> <span class='ocrx_word' id='word_1_69' title='bbox 465 1273 523 1349; x_wconf 85' lang='grc' dir='ltr'>τὴν</span> <span class='ocrx_word' id='word_1_70' title='bbox 552 1273 750 1352; x_wconf 84' lang='grc' dir='ltr'>φιλοεοφίαν</span> <span class='ocrx_word' id='word_1_71' title='bbox 781 1271 946 1352; x_wconf 83' lang='grc' dir='ltr'>ἐνέργειαν</span> <span class='ocrx_word' id='word_1_72' title='bbox 975 1271 1070 1338; x_wconf 79' lang='grc' dir='ltr'>εἶναι’</span> <span class='ocrx_word' id='word_1_73' title='bbox 1087 1272 1196 1348; x_wconf 79' lang='grc' dir='ltr'>λόγοι(</span> <span class='ocrx_word' id='word_1_74' title='bbox 1224 1272 1276 1336; x_wconf 88' lang='grc' dir='ltr'>καὶ</span> 
     </span>
     <span class='ocr_line' id='line_1_10' title="bbox 128 1381 975 1464; baseline 0.004 -21"><span class='ocrx_word' id='word_1_75' title='bbox 128 1383 343 1462; x_wconf 84' lang='grc' dir='ltr'>διαλογιεμοῑε</span> <span class='ocrx_word' id='word_1_76' title='bbox 366 1381 423 1446; x_wconf 91' lang='grc' dir='ltr'>τὸν</span> <span class='ocrx_word' id='word_1_77' title='bbox 446 1381 620 1461; x_wconf 81' lang='grc' dir='ltr'>εὐδαίμονα</span> <span class='ocrx_word' id='word_1_78' title='bbox 643 1382 712 1464; x_wconf 85' lang='grc' dir='ltr'>βίον</span> <span class='ocrx_word' id='word_1_79' title='bbox 735 1386 975 1463; x_wconf 86' lang='grc' dir='ltr'>περιποιοῦεαν.</span> 
     </span>
    </p>
   </div>
   <div class='ocr_carea' id='block_1_5' title="bbox 257 1551 870 1735">
    <p class='ocr_par' dir='ltr' id='par_1_5' title="bbox 257 1551 870 1735">
     <span class='ocr_line' id='line_1_11' title="bbox 257 1551 727 1605; baseline 0 -1"><span class='ocrx_word' id='word_1_80' title='bbox 257 1586 260 1591; x_wconf 90' lang='lat'><em>-</em></span> <span class='ocrx_word' id='word_1_81' title='bbox 668 1551 727 1605; x_wconf 85' lang='grc' dir='ltr'><strong>ΙΙΙ.</strong></span> 
     </span>
     <span class='ocr_line' id='line_1_12' title="bbox 281 1652 870 1735; baseline 0 -19"><span class='ocrx_word' id='word_1_82' title='bbox 281 1652 379 1717; x_wconf 81' lang='lat' dir='ltr'>Olem.</span> <span class='ocrx_word' id='word_1_83' title='bbox 404 1652 574 1716; x_wconf 86' lang='lat' dir='ltr'>Alexandr.</span> <span class='ocrx_word' id='word_1_84' title='bbox 598 1656 707 1716; x_wconf 88' lang='lat' dir='ltr'>strom.</span> <span class='ocrx_word' id='word_1_85' title='bbox 732 1652 771 1735; x_wconf 84' lang='lat' dir='ltr'>V,</span> <span class='ocrx_word' id='word_1_86' title='bbox 793 1652 870 1716; x_wconf 82' lang='lat'>614:</span> 
     </span>
    </p>
   </div>
   <div class='ocr_carea' id='block_1_6' title="bbox 128 1873 1316 2488">
    <p class='ocr_par' dir='ltr' id='par_1_6' title="bbox 128 1873 1275 2063">
     <span class='ocr_line' id='line_1_13' title="bbox 129 1873 1275 1952; baseline -0.003 -15"><span class='ocrx_word' id='word_1_87' title='bbox 129 1874 274 1937; x_wconf 86' lang='grc' dir='ltr'>ἀκουέτω</span> <span class='ocrx_word' id='word_1_88' title='bbox 290 1875 349 1952; x_wconf 83' lang='grc' dir='ltr'>μὲν</span> <span class='ocrx_word' id='word_1_89' title='bbox 363 1873 568 1952; x_wconf 80' lang='grc' dir='ltr'>Παρμενίδου</span> <span class='ocrx_word' id='word_1_90' title='bbox 588 1878 647 1938; x_wconf 81' lang='grc' dir='ltr'>τοῦ</span> <span class='ocrx_word' id='word_1_91' title='bbox 663 1874 811 1938; x_wconf 83' lang='grc' dir='ltr'>Ἐλεάτου</span> <span class='ocrx_word' id='word_1_92' title='bbox 826 1910 868 1918; x_wconf 93' lang='lat'>—-</span> <span class='ocrx_word' id='word_1_93' title='bbox 884 1874 1107 1952; x_wconf 81' lang='grc' dir='ltr'>Μητροδώρου</span> <span class='ocrx_word' id='word_1_94' title='bbox 1122 1893 1156 1936; x_wconf 96' lang='grc' dir='ltr'>τε</span> <span class='ocrx_word' id='word_1_95' title='bbox 1174 1873 1275 1937; x_wconf 87' lang='grc' dir='ltr'>καίτοι</span> 
     </span>
     <span class='ocr_line' id='line_1_14' title="bbox 128 1982 1066 2063; baseline 0 -16"><span class='ocrx_word' id='word_1_96' title='bbox 128 1983 344 2062; x_wconf 83' lang='grc' dir='ltr'>Ἐπικουρείου</span> <span class='ocrx_word' id='word_1_97' title='bbox 366 1984 544 2062; x_wconf 82' lang='grc' dir='ltr'>γενομένου</span> <span class='ocrx_word' id='word_1_98' title='bbox 567 1983 687 2049; x_wconf 85' lang='grc' dir='ltr'>ἐνθέωε</span> <span class='ocrx_word' id='word_1_99' title='bbox 708 1983 808 2052; x_wconf 82' lang='grc' dir='ltr'>ταῦτά</span> <span class='ocrx_word' id='word_1_100' title='bbox 829 2004 866 2059; x_wconf 90' lang='grc' dir='ltr'>γε</span> <span class='ocrx_word' id='word_1_101' title='bbox 889 1982 1066 2063; x_wconf 85' lang='grc' dir='ltr'>εἰρηκότοε·</span> 
     </span>
    </p>

    <p class='ocr_par' dir='ltr' id='par_1_7' title="bbox 129 2092 1316 2396">
     <span class='ocr_line' id='line_1_15' title="bbox 214 2092 1273 2176; baseline 0 -20"><span class='ocrx_word' id='word_1_102' title='bbox 214 2092 380 2174; x_wconf 84' lang='grc' dir='ltr'>Μέμνηεο,</span> <span class='ocrx_word' id='word_1_103' title='bbox 410 2093 626 2176; x_wconf 86' lang='grc' dir='ltr'>Μενέετρατε,</span> <span class='ocrx_word' id='word_1_104' title='bbox 655 2092 734 2158; x_wconf 91' lang='grc' dir='ltr'>διότι</span> <span class='ocrx_word' id='word_1_105' title='bbox 763 2094 880 2173; x_wconf 85' lang='grc' dir='ltr'>θνητόε</span> <span class='ocrx_word' id='word_1_106' title='bbox 908 2094 972 2174; x_wconf 77' lang='lat' dir='ltr'>otc</span> <span class='ocrx_word' id='word_1_107' title='bbox 993 2094 1045 2158; x_wconf 89' lang='grc' dir='ltr'>καὶ</span> <span class='ocrx_word' id='word_1_108' title='bbox 1067 2093 1175 2172; x_wconf 86' lang='grc' dir='ltr'>λαβὼν</span> <span class='ocrx_word' id='word_1_109' title='bbox 1205 2092 1273 2172; x_wconf 84' lang='grc' dir='ltr'>βίον</span> 
     </span>
     <span class='ocr_line' id='line_1_16' title="bbox 130 2201 1273 2287; baseline -0.001 -22"><span class='ocrx_word' id='word_1_110' title='bbox 130 2202 321 2285; x_wconf 83' lang='grc' dir='ltr'>ὡριεμένον,</span> <span class='ocrx_word' id='word_1_111' title='bbox 345 2201 518 2287; x_wconf 85' lang='grc' dir='ltr'>ἀναβὰετῇ</span> <span class='ocrx_word' id='word_1_112' title='bbox 542 2210 646 2287; x_wconf 86' lang='grc' dir='ltr'>ψυχῇ,</span> <span class='ocrx_word' id='word_1_113' title='bbox 671 2204 733 2268; x_wconf 75' lang='lat' dir='ltr'>eac</span> <span class='ocrx_word' id='word_1_114' title='bbox 756 2204 807 2268; x_wconf 88' lang='grc' dir='ltr'>ἐπὶ</span> <span class='ocrx_word' id='word_1_115' title='bbox 827 2205 886 2269; x_wconf 89' lang='grc' dir='ltr'>τόν</span> <span class='ocrx_word' id='word_1_116' title='bbox 908 2203 1011 2269; x_wconf 84' lang='grc' dir='ltr'>αἰῶνα</span> <span class='ocrx_word' id='word_1_117' title='bbox 1033 2203 1084 2268; x_wconf 86' lang='grc' dir='ltr'>καὶ</span> <span class='ocrx_word' id='word_1_118' title='bbox 1105 2203 1162 2280; x_wconf 89' lang='grc' dir='ltr'>τὴν</span> <span class='ocrx_word' id='word_1_119' title='bbox 1185 2201 1273 2266; x_wconf 87' lang='grc' dir='ltr'>ἀπει-</span> 
     </span>
     <span class='ocr_line' id='line_1_17' title="bbox 129 2304 1316 2396; baseline 0 -21"><span class='ocrx_word' id='word_1_120' title='bbox 129 2313 200 2391; x_wconf 88' lang='grc' dir='ltr'>ρίαν</span> <span class='ocrx_word' id='word_1_121' title='bbox 234 2319 298 2377; x_wconf 84' lang='grc' dir='ltr'>τών</span> <span class='ocrx_word' id='word_1_122' title='bbox 331 2304 529 2391; x_wconf 85' lang='grc' dir='ltr'>πραγμάτων</span> <span class='ocrx_word' id='word_1_123' title='bbox 558 2316 699 2378; x_wconf 80' lang='grc' dir='ltr'>κατεῖδε(</span> <span class='ocrx_word' id='word_1_124' title='bbox 726 2316 778 2377; x_wconf 88' lang='grc' dir='ltr'>καὶ</span> <span class='ocrx_word' id='word_1_125' title='bbox 816 2314 882 2396; x_wconf 83' lang='grc' dir='ltr'>,,τόι</span> <span class='ocrx_word' id='word_1_126' title='bbox 909 2314 941 2377; x_wconf 79' lang='grc' dir='ltr'>τ’</span> <span class='ocrx_word' id='word_1_127' title='bbox 968 2313 1120 2392; x_wconf 85' lang='grc' dir='ltr'>ἐεεόμενα</span> <span class='ocrx_word' id='word_1_128' title='bbox 1149 2311 1212 2392; x_wconf 91' lang='grc' dir='ltr'>πρό</span> <span class='ocrx_word' id='word_1_129' title='bbox 1241 2311 1274 2375; x_wconf 81' lang='grc' dir='ltr'>τ’</span> <span class='ocrx_word' id='word_1_130' title='bbox 1314 2330 1316 2335; x_wconf 93' lang='grc'><em>·</em></span> 
     </span>
    </p>

    <p class='ocr_par' dir='ltr' id='par_1_8' title="bbox 129 2423 262 2488">
     <span class='ocr_line' id='line_1_18' title="bbox 129 2423 262 2488; baseline 0 -2"><span class='ocrx_word' id='word_1_131' title='bbox 129 2423 262 2488; x_wconf 80' lang='grc' dir='ltr'>έοντα“.</span> 
     </span>
    </p>
   </div>
   <div class='ocr_carea' id='block_1_7' title="bbox 128 2590 1304 4433">
    <p class='ocr_par' dir='ltr' id='par_1_9' title="bbox 128 2590 1304 3994">
     <span class='ocr_line' id='line_1_19' title="bbox 213 2590 1273 2674; baseline -0.001 -19"><span class='ocrx_word' id='word_1_132' title='bbox 213 2590 323 2655; x_wconf 89' lang='lat' dir='ltr'>Nexus</span> <span class='ocrx_word' id='word_1_133' title='bbox 345 2591 512 2655; x_wconf 89' lang='lat' dir='ltr'>verborum</span> <span class='ocrx_word' id='word_1_134' title='bbox 533 2590 587 2655; x_wconf 90' lang='lat' dir='ltr'>hio</span> <span class='ocrx_word' id='word_1_135' title='bbox 609 2594 671 2655; x_wconf 84' lang='lat' dir='ltr'>est:</span> <span class='ocrx_word' id='word_1_136' title='bbox 696 2593 776 2657; x_wconf 92' lang='grc' dir='ltr'>διότι</span> <span class='ocrx_word' id='word_1_137' title='bbox 798 2592 919 2674; x_wconf 85' lang='grc' dir='ltr'>ἀναβὰε</span> <span class='ocrx_word' id='word_1_138' title='bbox 933 2615 959 2657; x_wconf 94' lang='grc' dir='ltr'>τ.</span> <span class='ocrx_word' id='word_1_139' title='bbox 975 2614 1009 2671; x_wconf 92' lang='grc' dir='ltr'>ψ.</span> <span class='ocrx_word' id='word_1_140' title='bbox 1026 2592 1087 2657; x_wconf 67' lang='lat' dir='ltr'>turc</span> <span class='ocrx_word' id='word_1_141' title='bbox 1102 2592 1181 2670; x_wconf 80' lang='grc' dir='ltr'>κτὲ.,</span> <span class='ocrx_word' id='word_1_142' title='bbox 1204 2613 1273 2655; x_wconf 90' lang='lat' dir='ltr'>sen-</span> 
     </span>
     <span class='ocr_line' id='line_1_20' title="bbox 129 2701 1304 2786; baseline 0 -22"><span class='ocrx_word' id='word_1_143' title='bbox 129 2701 230 2764; x_wconf 88' lang='lat' dir='ltr'>tentia</span> <span class='ocrx_word' id='word_1_144' title='bbox 245 2703 360 2782; x_wconf 86' lang='grc' dir='ltr'>θνητόε</span> <span class='ocrx_word' id='word_1_145' title='bbox 376 2702 439 2782; x_wconf 88' lang='grc' dir='ltr'>φὺε</span> <span class='ocrx_word' id='word_1_146' title='bbox 455 2738 496 2747; x_wconf 90' lang='grc'>-</span> <span class='ocrx_word' id='word_1_147' title='bbox 512 2701 688 2782; x_wconf 83' lang='grc' dir='ltr'>ὡριεμένον</span> <span class='ocrx_word' id='word_1_148' title='bbox 703 2701 878 2786; x_wconf 87' lang='lat' dir='ltr'>interjecta.</span> <span class='ocrx_word' id='word_1_149' title='bbox 914 2701 1005 2776; x_wconf 77' lang='lat' dir='ltr'>Quod</span> <span class='ocrx_word' id='word_1_150' title='bbox 1020 2701 1101 2765; x_wconf 91' lang='lat' dir='ltr'>bene</span> <span class='ocrx_word' id='word_1_151' title='bbox 1116 2701 1275 2765; x_wconf 89' lang='lat' dir='ltr'>intellexit</span> <span class='ocrx_word' id='word_1_152' title='bbox 1303 2742 1304 2746; x_wconf 59' lang='lat'><em>=</em></span> 
     </span>
     <span class='ocr_line' id='line_1_21' title="bbox 129 2810 1286 2898; baseline 0.001 -25"><span class='ocrx_word' id='word_1_153' title='bbox 129 2810 294 2894; x_wconf 87' lang='lat' dir='ltr'>Potterus,</span> <span class='ocrx_word' id='word_1_154' title='bbox 326 2810 396 2875; x_wconf 87' lang='lat' dir='ltr'>aliis</span> <span class='ocrx_word' id='word_1_155' title='bbox 427 2814 472 2896; x_wconf 88' lang='lat' dir='ltr'>(e.</span> <span class='ocrx_word' id='word_1_156' title='bbox 498 2833 530 2895; x_wconf 84' lang='lat' dir='ltr'>g.</span> <span class='ocrx_word' id='word_1_157' title='bbox 552 2810 729 2898; x_wconf 12' lang='lat' dir='ltr'>uSylburg.)</span> <span class='ocrx_word' id='word_1_158' title='bbox 758 2812 796 2876; x_wconf 91' lang='lat' dir='ltr'>de</span> <span class='ocrx_word' id='word_1_159' title='bbox 824 2811 991 2875; x_wconf 92' lang='lat' dir='ltr'>verborum</span> <span class='ocrx_word' id='word_1_160' title='bbox 1021 2811 1286 2875; x_wconf 80' lang='lat' dir='ltr'>conformatione·</span> 
     </span>
     <span class='ocr_line' id='line_1_22' title="bbox 129 2906 1275 3005; baseline 0 -21"><span class='ocrx_word' id='word_1_161' title='bbox 129 2942 219 2985; x_wconf 87' lang='lat' dir='ltr'>secus</span> <span class='ocrx_word' id='word_1_162' title='bbox 238 2919 467 3003; x_wconf 88' lang='lat' dir='ltr'>judicantibus.</span> <span class='ocrx_word' id='word_1_163' title='bbox 512 2920 661 2985; x_wconf 88' lang='lat' dir='ltr'>Offendat</span> <span class='ocrx_word' id='word_1_164' title='bbox 683 2906 845 3005; x_wconf 25' lang='lat' dir='ltr'>quispiam*</span> <span class='ocrx_word' id='word_1_165' title='bbox 868 2921 902 2985; x_wconf 93' lang='lat' dir='ltr'>in</span> <span class='ocrx_word' id='word_1_166' title='bbox 924 2942 1001 2986; x_wconf 87' lang='lat' dir='ltr'>voce</span> <span class='ocrx_word' id='word_1_167' title='bbox 1030 2923 1110 2988; x_wconf 82' lang='grc' dir='ltr'>διότι</span> <span class='ocrx_word' id='word_1_168' title='bbox 1132 2923 1206 3005; x_wconf 89' lang='lat' dir='ltr'>post</span> <span class='ocrx_word' id='word_1_169' title='bbox 1228 2943 1275 3003; x_wconf 91' lang='grc' dir='ltr'>μι-</span> 
     </span>
     <span class='ocr_line' id='line_1_23' title="bbox 129 3029 1276 3114; baseline -0.004 -16"><span class='ocrx_word' id='word_1_170' title='bbox 129 3033 275 3112; x_wconf 86' lang='grc' dir='ltr'>μνήεκειν</span> <span class='ocrx_word' id='word_1_171' title='bbox 298 3030 389 3094; x_wconf 86' lang='lat' dir='ltr'>illata</span> <span class='ocrx_word' id='word_1_172' title='bbox 410 3053 474 3094; x_wconf 88' lang='lat' dir='ltr'>una</span> <span class='ocrx_word' id='word_1_173' title='bbox 497 3053 568 3095; x_wconf 93' lang='lat' dir='ltr'>cum</span> <span class='ocrx_word' id='word_1_174' title='bbox 589 3031 759 3114; x_wconf 88' lang='lat' dir='ltr'>participio</span> <span class='ocrx_word' id='word_1_175' title='bbox 782 3031 912 3112; x_wconf 85' lang='grc' dir='ltr'>ἀναβάε.</span> <span class='ocrx_word' id='word_1_176' title='bbox 951 3029 1013 3094; x_wconf 82' lang='lat' dir='ltr'>Sed</span> <span class='ocrx_word' id='word_1_177' title='bbox 1035 3031 1204 3094; x_wconf 86' lang='lat' dir='ltr'>statuenda</span> <span class='ocrx_word' id='word_1_178' title='bbox 1227 3034 1276 3094; x_wconf 91' lang='lat' dir='ltr'>est</span> 
     </span>
     <span class='ocr_line' id='line_1_24' title="bbox 130 3139 1273 3224; baseline 0.001 -21"><span class='ocrx_word' id='word_1_179' title='bbox 130 3141 261 3204; x_wconf 91' lang='lat' dir='ltr'>duarum</span> <span class='ocrx_word' id='word_1_180' title='bbox 277 3140 474 3205; x_wconf 91' lang='lat' dir='ltr'>locutionum</span> <span class='ocrx_word' id='word_1_181' title='bbox 490 3140 636 3205; x_wconf 87' lang='lat' dir='ltr'>confusio</span> <span class='ocrx_word' id='word_1_182' title='bbox 642 3190 651 3223; x_wconf 83' lang='lat'><em>,</em></span> <span class='ocrx_word' id='word_1_183' title='bbox 674 3141 759 3224; x_wconf 91' lang='lat' dir='ltr'>quali</span> <span class='ocrx_word' id='word_1_184' title='bbox 782 3163 874 3203; x_wconf 92' lang='lat' dir='ltr'>usum</span> <span class='ocrx_word' id='word_1_185' title='bbox 891 3162 960 3204; x_wconf 85' lang='lat' dir='ltr'>esse</span> <span class='ocrx_word' id='word_1_186' title='bbox 974 3140 1117 3204; x_wconf 87' lang='lat' dir='ltr'>videmus</span> <span class='ocrx_word' id='word_1_187' title='bbox 1133 3139 1273 3224; x_wconf 81' lang='lat' dir='ltr'>Thucyd.</span> 
     </span>
     <span class='ocr_line' id='line_1_25' title="bbox 128 3249 1274 3335; baseline 0.001 -21"><span class='ocrx_word' id='word_1_188' title='bbox 128 3249 185 3333; x_wconf 81' lang='lat' dir='ltr'>IV,</span> <span class='ocrx_word' id='word_1_189' title='bbox 206 3251 264 3315; x_wconf 77' lang='lat'>37:</span> <span class='ocrx_word' id='word_1_190' title='bbox 286 3252 386 3328; x_wconf 86' lang='grc' dir='ltr'>γνοὺε</span> <span class='ocrx_word' id='word_1_191' title='bbox 407 3288 450 3298; x_wconf 88' lang='grc'><strong>-</strong></span> <span class='ocrx_word' id='word_1_192' title='bbox 472 3252 583 3316; x_wconf 83' lang='grc' dir='ltr'>ότι-</span> <span class='ocrx_word' id='word_1_193' title='bbox 606 3251 924 3332; x_wconf 85' lang='grc' dir='ltr'>διαφθαρηεομένουε</span> <span class='ocrx_word' id='word_1_194' title='bbox 945 3272 1004 3335; x_wconf 88' lang='lat' dir='ltr'>pro</span> <span class='ocrx_word' id='word_1_195' title='bbox 1028 3251 1076 3316; x_wconf 89' lang='grc' dir='ltr'>ότι</span> <span class='ocrx_word' id='word_1_196' title='bbox 1098 3252 1274 3332; x_wconf 87' lang='grc' dir='ltr'>διαφθαρή-</span> 
     </span>
     <span class='ocr_line' id='line_1_26' title="bbox 130 3360 1275 3446; baseline -0.002 -20"><span class='ocrx_word' id='word_1_197' title='bbox 130 3382 239 3427; x_wconf 86' lang='grc' dir='ltr'>εονται</span> <span class='ocrx_word' id='word_1_198' title='bbox 262 3362 354 3426; x_wconf 87' lang='grc' dir='ltr'>αὐτοί</span> <span class='ocrx_word' id='word_1_199' title='bbox 376 3360 430 3444; x_wconf 84' lang='lat' dir='ltr'>(cf.</span> <span class='ocrx_word' id='word_1_200' title='bbox 453 3360 555 3443; x_wconf 85' lang='lat' dir='ltr'>Popp.</span> <span class='ocrx_word' id='word_1_201' title='bbox 580 3360 619 3424; x_wconf 92' lang='lat' dir='ltr'>ad</span> <span class='ocrx_word' id='word_1_202' title='bbox 641 3361 672 3425; x_wconf 94' lang='lat' dir='ltr'>h.</span> <span class='ocrx_word' id='word_1_203' title='bbox 696 3362 717 3426; x_wconf 92' lang='lat' dir='ltr'>l.</span> <span class='ocrx_word' id='word_1_204' title='bbox 742 3365 775 3425; x_wconf 91' lang='lat' dir='ltr'>et</span> <span class='ocrx_word' id='word_1_205' title='bbox 796 3360 895 3446; x_wconf 82' lang='lat' dir='ltr'>ejusd.</span> <span class='ocrx_word' id='word_1_206' title='bbox 919 3364 1087 3425; x_wconf 85' lang='lat' dir='ltr'>comment.</span> <span class='ocrx_word' id='word_1_207' title='bbox 1111 3361 1150 3425; x_wconf 91' lang='lat' dir='ltr'>de</span> <span class='ocrx_word' id='word_1_208' title='bbox 1172 3361 1275 3425; x_wconf 87' lang='lat' dir='ltr'>elocu-</span> 
     </span>
     <span class='ocr_line' id='line_1_27' title="bbox 129 3469 1275 3557; baseline 0.003 -24"><span class='ocrx_word' id='word_1_209' title='bbox 129 3471 218 3534; x_wconf 92' lang='lat' dir='ltr'>tione</span> <span class='ocrx_word' id='word_1_210' title='bbox 245 3469 387 3554; x_wconf 78' lang='lat' dir='ltr'>Thucyd.</span> <span class='ocrx_word' id='word_1_211' title='bbox 410 3492 482 3554; x_wconf 85' lang='lat' dir='ltr'>pag.</span> <span class='ocrx_word' id='word_1_212' title='bbox 502 3471 575 3557; x_wconf 87' lang='grc'>198)</span> <span class='ocrx_word' id='word_1_213' title='bbox 606 3474 638 3535; x_wconf 92' lang='lat' dir='ltr'>et</span> <span class='ocrx_word' id='word_1_214' title='bbox 658 3470 784 3534; x_wconf 88' lang='lat' dir='ltr'>Platon.</span> <span class='ocrx_word' id='word_1_215' title='bbox 809 3470 907 3555; x_wconf 87' lang='lat' dir='ltr'>Gorg.</span> <span class='ocrx_word' id='word_1_216' title='bbox 936 3470 998 3535; x_wconf 90' lang='grc'>481</span> <span class='ocrx_word' id='word_1_217' title='bbox 1015 3470 1060 3534; x_wconf 91' lang='lat' dir='ltr'>D:</span> <span class='ocrx_word' id='word_1_218' title='bbox 1089 3471 1275 3551; x_wconf 84' lang='grc' dir='ltr'>αἰεθόινομαί</span> 
     </span>
     <span class='ocr_line' id='line_1_28' title="bbox 130 3579 1274 3673; baseline -0.003 -27"><span class='ocrx_word' id='word_1_219' title='bbox 130 3601 187 3646; x_wconf 83' lang='lat' dir='ltr'>coo</span> <span class='ocrx_word' id='word_1_220' title='bbox 215 3580 265 3645; x_wconf 89' lang='grc' dir='ltr'>ὅτι</span> <span class='ocrx_word' id='word_1_221' title='bbox 286 3619 328 3627; x_wconf 84' lang='lat'>-</span> <span class='ocrx_word' id='word_1_222' title='bbox 351 3581 391 3645; x_wconf 84' lang='grc' dir='ltr'>οὐ</span> <span class='ocrx_word' id='word_1_223' title='bbox 420 3583 603 3661; x_wconf 87' lang='grc' dir='ltr'>δυναμένου</span> <span class='ocrx_word' id='word_1_224' title='bbox 631 3581 816 3658; x_wconf 81' lang='grc' dir='ltr'>ἀντιλέγειν.</span> <span class='ocrx_word' id='word_1_225' title='bbox 867 3579 954 3673; x_wconf 72' lang='lat' dir='ltr'>Quae</span> <span class='ocrx_word' id='word_1_226' title='bbox 982 3584 1172 3664; x_wconf 82' lang='lat' dir='ltr'>sequuntur,</span> <span class='ocrx_word' id='word_1_227' title='bbox 1202 3580 1274 3643; x_wconf 91' lang='lat' dir='ltr'>sim·</span> 
     </span>
     <span class='ocr_line' id='line_1_29' title="bbox 128 3689 1273 3774; baseline 0 -22"><span class='ocrx_word' id='word_1_228' title='bbox 128 3689 205 3772; x_wconf 83' lang='lat' dir='ltr'>plici</span> <span class='ocrx_word' id='word_1_229' title='bbox 222 3711 322 3767; x_wconf 89' lang='lat' dir='ltr'>nexus</span> <span class='ocrx_word' id='word_1_230' title='bbox 337 3690 462 3754; x_wconf 88' lang='lat' dir='ltr'>ratione</span> <span class='ocrx_word' id='word_1_231' title='bbox 477 3690 609 3774; x_wconf 90' lang='lat' dir='ltr'>liquent.</span> <span class='ocrx_word' id='word_1_232' title='bbox 639 3691 807 3754; x_wconf 86' lang='lat' dir='ltr'>Praeterea</span> <span class='ocrx_word' id='word_1_233' title='bbox 828 3690 925 3754; x_wconf 81' lang='lat' dir='ltr'>verba</span> <span class='ocrx_word' id='word_1_234' title='bbox 947 3692 986 3756; x_wconf 93' lang='grc' dir='ltr'>τόι</span> <span class='ocrx_word' id='word_1_235' title='bbox 1000 3691 1027 3755; x_wconf 78' lang='grc' dir='ltr'>τ’</span> <span class='ocrx_word' id='word_1_236' title='bbox 1043 3692 1195 3770; x_wconf 86' lang='grc' dir='ltr'>ἐεεόμενα</span> <span class='ocrx_word' id='word_1_237' title='bbox 1211 3691 1273 3754; x_wconf 89' lang='grc' dir='ltr'>κτὲ.</span> 
     </span>
     <span class='ocr_line' id='line_1_30' title="bbox 129 3781 1274 3884; baseline -0.001 -22"><span class='ocrx_word' id='word_1_238' title='bbox 129 3803 204 3863; x_wconf 88' lang='lat' dir='ltr'>sunt</span> <span class='ocrx_word' id='word_1_239' title='bbox 225 3798 463 3864; x_wconf 82' lang='lat' dir='ltr'>hemistichium</span> <span class='ocrx_word' id='word_1_240' title='bbox 485 3799 580 3864; x_wconf 93' lang='lat' dir='ltr'>Hom.</span> <span class='ocrx_word' id='word_1_241' title='bbox 597 3799 634 3864; x_wconf 92' lang='lat' dir='ltr'>ll.</span> <span class='ocrx_word' id='word_1_242' title='bbox 651 3823 681 3883; x_wconf 85' lang='grc' dir='ltr'>α,</span> <span class='ocrx_word' id='word_1_243' title='bbox 698 3800 748 3884; x_wconf 79' lang='grc'>79,</span> <span class='ocrx_word' id='word_1_244' title='bbox 770 3800 825 3864; x_wconf 91' lang='lat' dir='ltr'>ubi</span> <span class='ocrx_word' id='word_1_245' title='bbox 848 3781 887 3864; x_wconf 92' lang='lat' dir='ltr'>de</span> <span class='ocrx_word' id='word_1_246' title='bbox 904 3799 1079 3866; x_wconf 79' lang='lat' dir='ltr'>Calchante</span> <span class='ocrx_word' id='word_1_247' title='bbox 1101 3790 1274 3874; x_wconf 85' lang='lat' dir='ltr'>vateillud</span> 
     </span>
     <span class='ocr_line' id='line_1_31' title="bbox 129 3909 260 3994; baseline 0.008 -22"><span class='ocrx_word' id='word_1_248' title='bbox 129 3909 260 3994; x_wconf 85' lang='lat' dir='ltr'>legitur:</span> 
     </span>
    </p>

    <p class='ocr_par' dir='ltr' id='par_1_10' title="bbox 129 4018 1276 4433">
     <span class='ocr_line' id='line_1_32' title="bbox 236 4018 1162 4112; baseline -0.002 -27"><span class='ocrx_word' id='word_1_249' title='bbox 236 4021 274 4085; x_wconf 80' lang='lat' dir='ltr'>dc</span> <span class='ocrx_word' id='word_1_250' title='bbox 295 4021 354 4104; x_wconf 87' lang='grc' dir='ltr'>ᾔδη</span> <span class='ocrx_word' id='word_1_251' title='bbox 377 4018 416 4085; x_wconf 90' lang='grc' dir='ltr'>τά</span> <span class='ocrx_word' id='word_1_252' title='bbox 438 4020 464 4084; x_wconf 80' lang='grc' dir='ltr'>τ’</span> <span class='ocrx_word' id='word_1_253' title='bbox 486 4020 601 4104; x_wconf 73' lang='grc' dir='ltr'>έοντα,</span> <span class='ocrx_word' id='word_1_254' title='bbox 623 4020 663 4086; x_wconf 90' lang='grc' dir='ltr'>τά</span> <span class='ocrx_word' id='word_1_255' title='bbox 684 4021 711 4084; x_wconf 81' lang='grc' dir='ltr'>τ’</span> <span class='ocrx_word' id='word_1_256' title='bbox 731 4021 899 4112; x_wconf 68' lang='grc' dir='ltr'>έεεόμενα,4</span> <span class='ocrx_word' id='word_1_257' title='bbox 922 4022 986 4100; x_wconf 89' lang='grc' dir='ltr'>πρό</span> <span class='ocrx_word' id='word_1_258' title='bbox 1008 4021 1035 4085; x_wconf 78' lang='grc' dir='ltr'>τ’</span> <span class='ocrx_word' id='word_1_259' title='bbox 1056 4020 1162 4086; x_wconf 86' lang='grc' dir='ltr'>ἔοντα.</span> 
     </span>
     <span class='ocr_line' id='line_1_33' title="bbox 129 4127 1274 4214; baseline 0.002 -21"><span class='ocrx_word' id='word_1_260' title='bbox 129 4127 198 4193; x_wconf 90' lang='lat' dir='ltr'>Nec</span> <span class='ocrx_word' id='word_1_261' title='bbox 219 4128 322 4213; x_wconf 87' lang='lat' dir='ltr'>fugiet</span> <span class='ocrx_word' id='word_1_262' title='bbox 343 4128 515 4194; x_wconf 78' lang='lat' dir='ltr'>Clementis</span> <span class='ocrx_word' id='word_1_263' title='bbox 538 4130 634 4194; x_wconf 89' lang='lat' dir='ltr'>verba</span> <span class='ocrx_word' id='word_1_264' title='bbox 654 4131 916 4214; x_wconf 87' lang='lat' dir='ltr'>perlustrantem,</span> <span class='ocrx_word' id='word_1_265' title='bbox 940 4150 1011 4193; x_wconf 92' lang='lat' dir='ltr'>eum</span> <span class='ocrx_word' id='word_1_266' title='bbox 1033 4129 1187 4194; x_wconf 88' lang='lat' dir='ltr'>vocabulo</span> <span class='ocrx_word' id='word_1_267' title='bbox 1210 4131 1274 4195; x_wconf 83' lang='grc' dir='ltr'>καί·</span> 
     </span>
     <span class='ocr_line' id='line_1_34' title="bbox 129 4237 1276 4323; baseline -0.002 -19"><span class='ocrx_word' id='word_1_268' title='bbox 129 4260 179 4304; x_wconf 91' lang='grc' dir='ltr'>τοι</span> <span class='ocrx_word' id='word_1_269' title='bbox 207 4237 421 4321; x_wconf 84' lang='lat' dir='ltr'>significatum</span> <span class='ocrx_word' id='word_1_270' title='bbox 449 4239 602 4319; x_wconf 86' lang='lat' dir='ltr'>voluisse,</span> <span class='ocrx_word' id='word_1_271' title='bbox 632 4239 766 4322; x_wconf 79' lang='lat' dir='ltr'>dictum,</span> <span class='ocrx_word' id='word_1_272' title='bbox 797 4240 880 4323; x_wconf 94' lang='lat' dir='ltr'>quod</span> <span class='ocrx_word' id='word_1_273' title='bbox 902 4239 1025 4323; x_wconf 84' lang='lat' dir='ltr'>laudet,</span> <span class='ocrx_word' id='word_1_274' title='bbox 1052 4238 1228 4303; x_wconf 87' lang='lat' dir='ltr'>Metrodori</span> <span class='ocrx_word' id='word_1_275' title='bbox 1257 4260 1276 4302; x_wconf 87' lang='lat' dir='ltr'>a</span> 
     </span>
     <span class='ocr_line' id='line_1_35' title="bbox 131 4348 1275 4433; baseline 0.006 -22"><span class='ocrx_word' id='word_1_276' title='bbox 131 4351 282 4411; x_wconf 85' lang='lat' dir='ltr'>consueto</span> <span class='ocrx_word' id='word_1_277' title='bbox 304 4349 534 4433; x_wconf 82' lang='lat' dir='ltr'>Epicureorum</span> <span class='ocrx_word' id='word_1_278' title='bbox 556 4371 644 4414; x_wconf 92' lang='lat' dir='ltr'>more</span> <span class='ocrx_word' id='word_1_279' title='bbox 665 4349 800 4414; x_wconf 91' lang='lat' dir='ltr'>multum</span> <span class='ocrx_word' id='word_1_280' title='bbox 822 4348 1007 4432; x_wconf 82' lang='lat' dir='ltr'>abhorrere,</span> <span class='ocrx_word' id='word_1_281' title='bbox 1035 4349 1133 4415; x_wconf 90' lang='lat' dir='ltr'>immo</span> <span class='ocrx_word' id='word_1_282' title='bbox 1157 4351 1275 4418; x_wconf 77' lang='grc' dir='ltr'>ἑνθέωε</span> 
     </span>
    </p>
   </div>
   <div class='ocr_carea' id='block_1_8' title="bbox 0 0 1482 4942">
    <p class='ocr_par' dir='ltr' id='par_1_11' title="bbox 0 0 1482 4942">
     <span class='ocr_line' id='line_1_36' title="bbox 0 0 1482 4942; baseline 0 0"><span class='ocrx_word' id='word_1_283' title='bbox 0 0 1482 4942; x_wconf 95' lang='lat' dir='ltr'> </span> 
     </span>
    </p>
   </div>
  </div>
 </body>
</html>
