2956 4942
658 291 848 354 *5-

76 482 92 499 -·
176 458 300 537 tarunt,
323 455 454 539 agitata.
485 455 598 540 Neque
613 456 724 542 hodie,
746 462 783 522 ut
799 461 937 545 videtur,
960 463 995 527 in
1018 487 1116 530 unum
1131 469 1326 535 conveniunt

177 564 319 628 omnium
342 570 381 629 de
403 565 459 629 illa
473 587 507 630 re
530 566 717 651 opinioneS,
740 591 815 633 nam
837 572 980 636 nondum
1002 573 1131 659 desunt,
1155 577 1210 660 qui
1231 579 1325 644 mira·

175 673 234 737 hili
255 676 425 739 teneantur
448 676 645 741 confusione.
676 677 844 753 Quaeritur
867 681 990 746 scilicet
1012 684 1050 748 de
1072 685 1248 752 Metrodori
1270 711 1323 772 pa-

175 783 251 867 tria,
276 787 382 849 utrum
405 786 502 851 fuerit
523 785 774 872 Lampsacenus,
797 812 839 853 an
860 791 1077 866 Atheniensis

139 960 142 965 ’
259 948 351 1024 erod
380 947 408 1046 si
436 947 506 1031 quis
536 948 708 1032 dijudicare
737 951 831 1034 velit,
864 951 968 1017 facere
996 975 1064 1019 non
1091 958 1213 1041 potest,
1247 959 1324 1042 quin

173 1058 270 1124 hosce
291 1061 356 1123 tres
378 1057 528 1122 adhibeat
549 1061 691 1124 veterum
714 1060 905 1144 scriptorum
928 1063 1030 1128 locos:

328 1222 360 1305 1)
383 1219 479 1304 Diog.
496 1220 599 1284 Laert.
616 1220 655 1304 X,
670 1222 713 1285 22
735 1223 908 1287 secundum
930 1224 1100 1292 lectionem
1122 1229 1300 1313 vulgatam:

258 1333 411 1412 Μαθητὰς
443 1335 479 1396 δὲ
512 1333 583 1411 ἔςχε
616 1334 759 1398 πολλοὺς
782 1336 856 1417 μὲν,
890 1336 1016 1415 ςφόδρα
1048 1339 1083 1402 δὲ
1116 1339 1321 1420 ἐλλογίμους·

175 1442 396 1522 Μητρόδωρον
412 1443 581 1521 Ἀθηναῖον
602 1436 652 1507 καὶ
667 1444 865 1523 Τιμοκράτην
881 1447 931 1509 καὶ
946 1446 1070 1527 (άνδην
1086 1449 1319 1530 Λαμψακηνόν·

172 1554 209 1617 ὃς
232 1551 296 1634 ἀφ’
318 1551 357 1617 οὗ
380 1552 438 1618 τὸν
462 1552 565 1630 ἄνδρα
586 1552 690 1635 ἔγνω,
714 1552 773 1618 οὐκ
795 1553 912 1634 ἀπέςτη
936 1555 991 1620 ἀπ’
1013 1557 1113 1623 αὐτοῦ
1136 1564 1200 1624 κτλ.

322 1697 357 1781 2)
382 1695 529 1759 Strabon.
553 1717 663 1780 geogr.
687 1695 746 1779 ΠΙ,
769 1697 832 1761 589
854 1697 902 1762 ed.
926 1698 1085 1765 Kramer.:

255 1809 290 1873 ἐκ
311 1807 489 1888 Λαμψάκου
517 1810 552 1872 δὲ
570 1807 685 1886 Χάρων
708 1807 726 1871 ὁ
750 1809 951 1889 ςαγγρατρεὺς
974 1811 1024 1874 καὶ
1044 1811 1247 1892 Ἀδείμαντος
1270 1817 1320 1880 καὶ

168 1920 369 1999 Ἀναξιμένης
391 1919 410 1982 ὁ
434 1918 540 1997 ῥήτωρ
556 1919 607 1983 καὶ
623 1917 841 1997 Μητρόδωρος
865 1918 884 1983 ὁ
905 1925 964 1984 τοῦ
980 1921 1168 2000 Ἐπικούρου
1191 1924 1317 2003 ἑταῖρος

169 2031 220 2094 καὶ
242 2029 340 2094 αὐτὸς
363 2030 397 2094 δ’
418 2028 604 2107 Ἐπίκουρος
626 2027 749 2107 τρόπον
772 2028 843 2093 τινὰ
866 2028 1083 2110 Λαμψακηνὸς
1106 2033 1226 2111 ὑπῆρξε
1248 2039 1316 2100 δια-

168 2139 283 2219 τρίψας
305 2140 341 2205 ἑν
363 2138 526 2221 Λαμψάκῳ
549 2142 612 2202 κτλ.

320 2281 354 2367 3)
378 2280 442 2347 Cic.
466 2280 606 2345 Tuscull.
630 2281 742 2364 Dispp.
766 2280 806 2364 V,
829 2283 881 2364 37,
906 2282 981 2346 109:

253 2392 398 2457 Socrates
421 2390 563 2474 quidem,
587 2413 658 2455 cum
672 2393 856 2475 rogaretur,
880 2392 1017 2474 cujatem
1037 2415 1071 2458 se
1094 2417 1162 2459 esse
1186 2397 1316 2481 diceret,

152 2510 155 2515 '
167 2502 428 2587 „Mrmdanum“,
456 2501 569 2586 inquit.
615 2500 727 2564 Totius
751 2501 837 2564 enim
858 2501 969 2564 mundi
992 2523 1026 2566 se
1048 2503 1185 2568 incolam
1213 2511 1246 2571 et
1274 2509 1315 2572 ci-

168 2635 237 2677 vem
264 2612 487 2676 arbitrabatur.
532 2611 616 2687 Quid
642 2610 678 2675 T.
709 2611 887 2677 Albucius?
924 2635 1032 2676 nonne
1060 2615 1168 2679 animo
1191 2617 1315 2700 aequis·

167 2723 247 2786 simo
275 2722 412 2787 Athenis
441 2722 530 2786 exsul
557 2720 866 2806 philosophabatur?
896 2723 946 2786 cui
973 2726 1082 2788 tamen
1109 2725 1188 2788 illud
1209 2726 1315 2809 ipsum

166 2853 232 2898 non
259 2833 441 2916 accidisset,
470 2833 497 2895 si
526 2831 559 2894 in
586 2831 749 2914 republica
770 2833 936 2915 quiescens
958 2832 1090 2916 Epicuri
1112 2835 1237 2920 legibus
1259 2859 1314 2920 pa·

166 2943 291 3007 ruisset.
337 2943 398 3018 Qui
420 2943 506 3007 enim
527 2941 666 3026 beatior,
694 2941 868 3026 Epicurus,
891 2941 975 3026 quod
996 2943 1031 3007 in
1053 2946 1156 3028 patria
1177 2947 1313 3032 vivebat,

166 3075 261 3137 quam
283 3053 368 3137 quod
389 3053 527 3117 Athenis
549 3050 769 3117 Metrodorus?
1159 3054 1162 3059 ’

249 3213 298 3278 De
328 3215 512 3297 quaestione
539 3214 704 3297 proposita
732 3213 908 3279 accuratius
931 3204 1059 3300 agatur,
1082 3217 1151 3300 jam
1179 3219 1220 3282 oh
1248 3220 1312 3303 pri·

143 3346 267 3406 -mum,
297 3323 520 3407 quemattuli,
549 3324 654 3387 locum
676 3345 806 3388 necesse
828 3328 892 3407 est,
922 3327 1040 3408 quippe
1063 3348 1140 3410 quo,
1169 3328 1245 3393 licet
1261 3330 1313 3413 ju·

166 3434 248 3499 dicio
264 3434 330 3498 fere
346 3435 487 3498 omnium
503 3434 598 3498 modo
614 3434 764 3517 quopiam
780 3437 947 3517 corruptus
963 3436 1019 3518 sit,
1042 3436 1204 3520 nonnulli,
1227 3438 1312 3522 iique

166 3545 296 3610 minime
309 3545 456 3609 homines
480 3544 620 3627 obscuri,
643 3544 851 3629 norma-falsa
873 3545 922 3608 usi
938 3545 1017 3629 sint,
1041 3568 1102 3628 qua
1123 3546 1210 3611 locos
1226 3546 1311 3612 Stra·

165 3642 267 3720 bonis
286 3658 319 3719 et
341 3655 505 3721 Ciceronis
533 3654 736 3739 incorruptos
765 3655 976 3739 corrigerent,
1005 3677 1115 3719 eorum
1138 3656 1310 3739 scriptores

160 3765 302 3831 absurda
333 3765 505 3848 protulisse
538 3765 775 3828 contendentes.
824 3764 986 3831 Nimirum
1013 3764 1170 3850 Diogenis
1204 3766 1310 3851 verba,

164 3876 278 3960 quibus
293 3876 494 3941 Metrodorus
509 3875 634 3939 videtur
649 3875 855 3939 Atheniensis
877 3875 1000 3958 vocari,
1024 3897 1091 3939 non
1114 3875 1311 3940 emendanda

163 3988 225 4050 rati
259 3987 410 4051 adversus
444 3986 666 4050 auctoritatem
697 3984 864 4049 Strabonis
898 3988 931 4049 et
960 3985 1140 4069 Ciceronis,
1176 4007 1310 4069 quorum
1419 3983 1423 3991 ’

164 4098 244 4161 alter
266 4097 356 4161 illum
371 4117 518 4180 expresse
540 4095 586 4158 ait
600 4096 639 4159 ab
654 4095 831 4179 Lampsaco
855 4095 1038 4178 oriundum,
1061 4095 1141 4159 alter
1156 4117 1227 4159 eum
1242 4118 1310 4160 non

162 4207 262 4271 fuisse
280 4207 511 4272 Atheniensem
533 4205 667 4288 indicat,
691 4205 794 4269 solum
816 4204 964 4269 Jonsium
988 4205 1040 4291 (de
1063 4205 1208 4289 scriptor.
1232 4205 1307 4271 hist.

162 4316 279 4401 philos.
301 4315 332 4400 I,
354 4317 410 4400 20,
434 4317 471 4401 3)
500 4318 676 4398 sequuntur
698 4315 737 4380 de
759 4314 819 4381 hac
842 4337 875 4378 re
898 4315 1057 4399 copiosius
1086 4315 1306 4381 disserentem.
