2956 4942
600 294 857 360 -65-.

128 467 154 529 τ’
177 466 320 544 ἐνεργεῖν
344 466 403 530 οὐκ
425 467 465 531 ἂν
487 469 628 548 ποιῆεαι,
657 487 737 549 quae
760 487 832 529 cum
860 463 1023 531 universae
1045 467 1176 550 Epicuri
1204 469 1273 551 phi-

129 574 292 658 losophiae
325 575 533 639 fundamento
567 575 723 640 cohaeret.
775 574 835 639 His
870 576 955 639 enim
982 576 1086 640 verbis
1121 578 1274 662 magister

128 685 250 767 poesim
272 685 474 750 commendat
494 685 624 749 maximi
646 684 900 768 aestimandam,
913 689 982 749 tum
997 685 1082 769 quod
1105 708 1141 750 ea
1163 688 1213 751 vel
1229 689 1273 752 vi-

127 799 178 858 tae
200 796 251 859 vel
265 799 397 859 naturae
418 796 559 861 rationes
582 795 719 860 dilucide
734 795 907 859 doceantur
929 797 1098 879 unicuique
1121 797 1273 862 advitam

127 903 208 968 bene
237 905 465 970 instituendam
493 907 695 988 animumque
717 909 802 970 recte
831 905 1037 979 erudiendum
1056 907 1175 989 utiles3
1205 910 1274 970 tum

128 1014 211 1096 quod
246 1015 370 1098 eadem,
408 1017 550 1099 quamvis
578 1015 724 1079 homines
758 1018 791 1079 et
817 1037 868 1079 res
895 1015 1011 1099 fingat,
1048 1019 1156 1080 tamen
1191 1016 1273 1081 fictis

128 1125 271 1208 exempla
303 1125 445 1209 proferat
470 1126 564 1189 nobis
597 1148 668 1191 cum
698 1126 864 1190 commodo
897 1125 1061 1189 imitanda.
1120 1125 1191 1190 Hoc
1225 1129 1275 1190 est

128 1236 271 1315 ἐνεργεῖν
287 1238 455 1318 poemata,
486 1235 569 1318 quod
591 1235 756 1299 Lucretius
779 1234 804 1318 I,
828 1236 869 1300 26
891 1236 989 1300 latine
1011 1235 1149 1299 reddidit
1170 1257 1274 1319 „pan-

127 1366 201 1428 gere
230 1348 373 1409 uersus“.
425 1344 610 1411 Contemnit
638 1344 737 1429 igitur
766 1345 924 1428 Epicurus
952 1347 1087 1426 ποιητήν
1116 1346 1150 1409 in
1177 1346 1272 1409 meris

128 1455 318 1537 fictionibus,
341 1441 377 1518 ut
392 1456 459 1538 ipse
474 1458 575 1538 putat,
598 1454 746 1519 inanibus
769 1456 921 1538 vanisque
936 1458 1125 1538 versantem,
1148 1455 1273 1519 etiamsi

127 1566 258 1649 ingenio
272 1565 525 1649 praeclarissimo
542 1567 574 1628 et
595 1565 825 1648 imaginatione
840 1565 1096 1648 splendidissima
1109 1565 1272 1648 praeditus

72 1704 78 1709 ·
126 1675 176 1738 sit.
214 1675 386 1758 Postpouit
407 1697 483 1759 ergo
506 1658 612 1739 artem'
629 1675 800 1758 poeticam,
829 1675 997 1758 anteponit
1017 1675 1140 1758 poesim
1159 1680 1271 1758 jucun-

127 1785 183 1849 dae
206 1785 353 1848 utilitatis
376 1785 581 1867 effectricem,
610 1788 704 1867 atque
726 1807 798 1848 eum
820 1786 925 1869 ipsum
948 1786 1102 1874 μυριάδα(
1123 1807 1271 1849 versuum

125 1896 160 1958 in
193 1893 318 1957 laudem
344 1894 519 1957 Metrodori
552 1894 767 1977 composuisse
796 1893 984 1958 Plutarchus
1017 1894 1114 1957 tradit
1149 1894 1187 1958 de
1215 1895 1269 1958 lat.

126 2004 187 2067 viv.
211 2005 240 2067 3.
292 2003 569 2068 Excellentissimo
598 2008 702 2068 autem
737 2005 883 2088 exemplo
910 2004 1041 2087 Epicuri
1079 2000 1271 2068 senteutiam

124 2116 193 2177 tota
219 2115 364 2198 magistri
386 2114 591 2204 philosophia
613 2115 752 2178 carmine
780 2114 818 2179 de
840 2136 946 2178 rerum
969 2117 1083 2177 natura
1111 2114 1270 2196 descripta

124 2224 289 2288 Lucretius
323 2225 508 2308 illustravit,
544 2224 676 2289 eandem
703 2225 865 2308 professus
901 2225 939 2288 de
966 2223 1029 2288 fine
1062 2223 1168 2307 poesis
1202 2223 1269 2306 opi-

123 2334 253 2398 irionem
262 2337 302 2418 α).

209 2443 330 2509 Contra
357 2443 562 2508 Philodemus
579 2445 629 2508 -iu
662 2445 724 2508 alia
757 2446 865 2509 omnia
896 2445 1055 2527 discessit,
1089 2444 1206 2527 quippe
1233 2443 1269 2506 iu

123 2554 311 2639 fragmentis
334 2557 405 2635 περὶ
427 2557 614 2636 ποιημάτων
643 2554 690 2638 (in
714 2553 748 2620 O.
765 2556 804 2618 A.
828 2555 869 2618 ll.
894 2553 952 2619 Or.
975 2554 1022 2636 ll)
1051 2555 1086 2618 in
1108 2555 1178 2637 ipsa
1200 2556 1268 2617 arte

122 2665 427 2747 praestantissimam
459 2665 566 2748 poesis
602 2665 793 2750 dignitatem
825 2665 965 2748 positam
998 2686 1067 2728 esse
1101 2664 1269 2728 edisseruit

122 2775 286 2858 ipsamque
313 2778 426 2858 poetae
453 2775 731 2860 imaginationem,
760 2796 854 2857 quam
883 2796 942 2838 nos
971 2765 1105 2838 dicimus
1132 2759 1266 2858 phanta-

122 2884 218 2966 siam,
247 2908 324 2969 prae
346 2886 460 2950 ceteris
482 2885 574 2949 laude
603 2885 718 2949 eximia
745 2886 878 2949 ornavit.
923 2885 1012 2949 Idem
1034 2887 1198 2969 praetcrea
1225 2885 1266 2949 ob

121 2998 381 3078 argumentorum
410 2995 600 3080 gravitate1n
628 2994 807 3059 litterarum
836 2995 941 3062 studia
961 2995 1105 3058 versibus
1135 2995 1266 3059 circum-

121 3102 217 3166 scribi
239 3125 333 3186 posse
354 3107 461 3189 negat.
507 3103 658 3169 Omnium
680 3108 787 3168 autem
808 3105 1038 3188 Epicureorum
1066 3092 1265 3168 irrisionibus

122 3213 335 3297 exploduntur
362 3217 475 3298 poetae
502 3218 691 3299 argumenta
719 3237 735 3278 e
763 3215 879 3279 fabulis
908 3218 940 3279 et
967 3213 1102 3279 historia
1128 3195 1265 3279 sahulari
1321 3273 1322 3277 ,

120 3327 309 3406 repetentes.
347 3324 420 3408 Ipse
435 3324 592 3408 Epicurus
614 3328 695 3389 teste
711 3325 863 3389 Heraclit.
881 3325 1023 3410 Allegor.
1041 3325 1136 3389 Hom.
1160 3347 1228 3408 cap.
1244 3325 1265 3388 4

121 3433 183 3516 (ed.
199 3432 331 3498 Mehlen
349 3454 423 3519 pag.
440 3436 469 3499 6.
493 3435 653 3520 Matrang.
669 3435 822 3499 Auecd.l
844 3457 917 3520 pag.
933 3435 1010 3522 298)
1033 3436 1158 3501 ἅπαεαν
1180 3435 1264 3515 ὁμοῦ

120 3546 287 3623 ποιητικὴν
317 3545 424 3625 ὥςπερ
458 3545 605 3625 ὀλέθρων
633 3547 743 3626 μύθων
771 3546 887 3627 δέλεαρ
921 3545 1158 3626 ἀφοειούμενοε
1191 3545 1261 3609 fuit.

119 3651 254 3716 Fabulas
281 3656 389 3718 tamen
411 3677 478 3718 non
506 3655 631 3719 videtur
652 3655 799 3738 rejecisse
820 3655 883 3719 nisi
910 3656 1068 3719 scelerosa
1089 3642 1184 3737 atque
1206 3657 1263 3718 im-

118 3761 204 3824 mani
220 3764 352 3827 materia
373 3766 487 3829 animis
502 3766 622 3829 metum
645 3767 677 3828 et
690 3767 845 3828 terrorem
867 3765 1046 3848 injicientes
1052 3813 1062 3848 ,
1085 3765 1194 3848 quales
1209 3764 1262 3828 de-

118 3872 226 3956 signat
240 3872 439 3957 Polystratus
455 3878 528 3955 περὶ
543 3877 667 3953 ἀλόγου
682 3876 951 3955 καταφρονήεεωε
967 3875 1026 3940 col.
1041 3875 1061 3940 6
1077 3874 1127 3960 (O.
1139 3873 1175 3939 P.
1187 3874 1260 3960 IV),

117 4003 253 4064 quocum
281 3983 426 4046 conferas
455 3985 635 4049 Lucretium
663 3988 812 4068 „veteres
840 3984 972 4068 Grajum
999 3988 1110 4070 poetas
1118 3987 1138 4022 “
1169 3985 1261 4050 casti-

184 4247 209 4307 0)
229 4243 269 4297 Of.
282 4245 304 4310 Ι,
317 4252 349 4300 25
362 4262 419 4313 seq.
439 4246 459 4314 l,
472 4251 521 4300 915
530 4263 598 4314 seq.,
616 4248 729 4302 laudem
741 4247 824 4302 Ennii
834 4249 855 4315 Ι,
869 4254 917 4302 117
928 4264 993 4315 seq.,
1012 4249 1127 4304 Homeri
1139 4248 1173 4316 V,
1187 4255 1260 4316 1037,
1352 4292 1357 4303 .

116 4326 218 4379 nitidos
232 4344 327 4383 versus
344 4330 378 4397 V,
393 4337 457 4386 1379
470 4349 561 4400 seqq.‚
580 4332 704 4386 carmina
722 4332 750 4386 in
769 4333 876 4388 deliciis
894 4333 971 4388 vitae
989 4334 1088 4389 habita
1105 4333 1172 4387 ibid.
1187 4339 1260 4391 1450.

165 4422 279 4463 nummo.
1042 4440 1057 4490 5
