2956 4942
609 284 819 347 ..33-

138 453 547 520 Ε.ΟΦΡΑ(ΤΟΝΠ..ΤΟΥ
576 454 772 534 φιλοεοφίαν
807 453 948 519 ἀνθίνοιε
982 454 1196 532 κοιμήεαντοε
1226 454 1284 515 cet.

138 563 267 628 Scottus
281 562 478 627 restituenda
491 562 631 627 restituit
654 564 914 629 ΘΕΟΦΡΑΕΤΟΝ
931 565 1104 629 ΠΟΗΤΟΥ
1122 563 1177 650 (=
1192 584 1284 641 ποιη-

137 674 221 757 τοῦ).
266 674 461 749 Quibuscum
484 673 629 737 eonferas
651 672 747 757 Diog.
769 673 873 738 Laert.
896 673 958 757 IV,
987 674 1045 738 52:
1075 675 1128 739 διὰ
1156 676 1193 752 δὴ
1225 673 1284 739 οὖν

137 787 175 849 τὸ
197 785 292 850 παντὶ
314 783 390 849 εἴδει
414 785 514 860 λόγου
536 786 702 864 κεκρᾶεθαί
731 806 807 864 φαει
830 786 935 861 λέγειν
959 785 1008 848 ἐπ’
1038 783 1136 850 αὐτοῦ
1162 783 1285 867 (Bion.)

136 896 196 960 τὸν
230 895 462 973 Ἐρατοεθένην
496 895 540 958 ὡ(
573 899 703 976 πρῶτοι
737 896 821 960 Βίων
855 897 913 972 τὴν
943 895 1139 976 φιλοεοφίαν
1173 893 1287 958 ἀνθινὰ
1416 976 1422 983 ,

138 1006 285 1070 ἑνέδυεεν
313 1007 345 1067 et
367 1002 515 1068 Strabon.
537 1023 655 1090 geogr:
672 1004 703 1088 I,
728 1006 782 1069 15:
811 1007 965 1083 Ἀπελλῆε
986 1026 1020 1069 τε
1048 1005 1136 1090 αὐτῷ
1160 1004 1286 1088 (Erato-

139 1113 260 1200 stheni)
284 1115 387 1178 πολύ(
404 1116 466 1179 terr
487 1115 538 1179 καὶ
553 1116 653 1193 Βίων,
678 1115 717 1181 ὅν
733 1137 808 1195 φηει
823 1121 955 1196 πρῶτον
972 1115 1086 1181 ἀνθινὰ
1101 1117 1286 1195 περιβαλεῖν

138 1225 344 1306 φιλοεοφίαν.
376 1223 525 1289 Ceterum
547 1225 686 1288 dictione
710 1225 855 1291 ἀνθινοῖς
869 1229 996 1305 κοεμεῑν
1009 1224 1136 1308 melius,
1149 1225 1285 1307 opinor,

139 1334 325 1418 exprimitur
345 1334 425 1397 illud
447 1333 603 1419 Diogenis
624 1337 721 1401 παντὶ
742 1335 819 1401 εἴδει
840 1340 1019 1416 κεκρᾶεθειι,
1043 1357 1137 1419 quam
1152 1335 1286 1399 voeabu-

138 1444 178 1507 lis
206 1445 424 1525 περιβάλλειν,
454 1446 589 1511 ἑνδύειν.
638 1443 813 1528 „Floribus
842 1446 966 1529 enim“,
995 1446 1102 1529 inquit
1128 1444 1286 1509 Bernhar-

138 1555 218 1637 dyus
240 1553 446 1619 Eratosthen.
470 1577 543 1640 pag.
557 1556 634 1636 189,
662 1555 754 1639 „jam
782 1556 901 1620 dudum
928 1556 1020 1620 Plato
1049 1555 1287 1639 philosophiam

138 1667 348 1728 exornaverat
375 1665 472 1749 inque
495 1667 752 1730 amoenissimam
774 1667 940 1751 redegerat
961 1667 1112 1748 sermam3
1140 1687 1206 1729 non
1228 1665 1286 1749 igi-

137 1778 190 1839 tur
220 1775 342 1859 primus
369 1775 598 1858 Borysthenita
630 1776 776 1860 floribus,
812 1777 867 1840 sed
895 1777 1035 1840 flosculis
1071 1776 1287 1858 orationisque

138 1885 303 1969 ampullis,
339 1886 447 1968 quales
481 1885 612 1950 dicteria
640 1888 723 1972 apud
750 1886 930 1971 Diogenem
965 1889 1147 1968 servarunt,
1184 1908 1286 1972 genus

137 1995 217 2085 illud
244 1996 422 2060 litterarum
450 1996 614 2061 decorasse
648 1996 751 2061 dietis
779 1997 819 2060 ab
847 1997 969 2062 Nostro
999 2000 1049 2062 est
1076 1997 1288 2061 censendus.“

138 2105 187 2172 Of.
213 2105 372 2171 Welcker.
400 2107 545 2191 prolegg.
575 2106 614 2170 ad
637 2106 793 2192 Theogm
810 2130 882 2192 pag.
906 2105 990 2172 XCI.
1043 2109 1172 2187 Κοεμεῑν
1202 2107 1287 2170 idem

138 2238 174 2281 ac
205 2238 350 2281 sermone
378 2217 560 2301 germanico
587 2218 868 2300 „ausstaffieren“.
917 2216 967 2281 De
988 2217 1091 2282 Bione
1118 2217 1182 2281 vid.
1206 2216 1287 2281 Mul-

137 2327 210 2391 lach
231 2327 380 2412 fragmm.
404 2349 469 2412 grr.
486 2328 617 2410 philoss.
641 2327 684 2410 H,
700 2328 763 2391 419
779 2350 843 2411 seq.
867 2329 1111 2411 Verumtamen,
1136 2328 1287 2411 quoniam
1325 2379 1327 2382 .

71 2480 74 2487 ·
137 2440 236 2502 testes
266 2437 361 2501 modo
391 2438 481 2501 citati
508 2437 671 2522 Diogenes
700 2433 732 2501 et
760 2437 874 2531 Strabo
903 2437 989 2501 illius
1018 2438 1096 2501 dicti
1124 2441 1285 2501 auctorem

138 2548 386 2613 Eratosthenem
414 2548 635 2633 geographum
656 2547 840 2632 perhibent,
868 2548 953 2611 idem
981 2548 1078 2612 etiam
1100 2548 1287 2631 scriptorem

139 2659 250 2743 hujus,
273 2659 312 2722 de
335 2680 397 2742 quo
413 2659 552 2743 agimus,
576 2658 797 2723 commentarii
809 2660 969 2742 spectasse
990 2658 1144 2741 illumque
1167 2659 1287 2743 eadem,

138 2772 232 2853 atque
262 2767 425 2852 Diogenes
455 2773 487 2833 et
514 2768 645 2852 Strabo,
673 2768 820 2833 laudasse
846 2770 969 2833 ratione
996 2768 1202 2833 manifestum
1229 2772 1287 2832 est.

138 2878 371 2944 Eratosthenes
394 2882 501 2943 autem
523 2880 588 2943 fere
611 2902 638 2943 a.
655 2880 718 2943 275
739 2883 833 2944 natus
855 2879 1074 2945 aMetrodoro
1095 2900 1162 2943 non
1182 2880 1289 2963 potuit

137 2989 275 3072 laudari,
299 2989 416 3072 quippe
439 2990 493 3072 qui
511 2990 580 3074 jam
602 3012 629 3053 a.
645 2990 707 3053 277
731 2989 816 3054 diem
839 2990 920 3053 obiit
942 3012 1133 3073 supremum.
1169 2989 1288 3053 Mirum

139 3103 293 3183 quantum
317 3098 444 3164 Scottus
468 3122 486 3162 a
508 3121 583 3163 vero
606 3100 769 3183 discessit,
794 3100 877 3183 quod
900 3099 1012 3164 lectori
1035 3099 1288 3183 persequendum

138 3210 293 3294 relinquo.
324 3208 482 3292 Equidem
498 3210 760 3274 commentarium
781 3231 848 3274 non
869 3231 953 3295 nego
977 3210 1017 3274 ab
1031 3210 1189 3295 Epicureo
1211 3231 1287 3293 quo-

138 3320 212 3384 dam
239 3319 393 3403 scriptum
421 3341 504 3404 esse,
541 3321 616 3403 quia
648 3320 681 3384 id
711 3324 901 3406 argumento
936 3320 1013 3384 satis
1050 3320 1285 3403 comprobatur.

140 3429 202 3495 Sed
224 3430 263 3494 de
279 3431 346 3514 ejus
362 3431 491 3494 nomine
515 3432 707 3514 conjecturis
729 3431 885 3495 abstineo.
924 3429 994 3506 Quo
1011 3430 1139 3513 quidem
1162 3429 1287 3494 eviden-

138 3541 201 3604 tior
227 3540 284 3603 fiat
312 3562 486 3605 consensus
515 3542 658 3605 locorum
685 3542 769 3605 inter
791 3563 825 3605 se
848 3543 1119 3625 comparatorum,
1149 3540 1287 3604 Pseudo-

138 3649 357 3714 Metrodorum
373 3651 420 3715 sic
437 3651 563 3734 expleo:
580 3645 702 3718 Βίωνοε
717 3656 775 3717 τοῦ
788 3654 867 3719 κατὰ
880 3652 1091 3732 Θεόφραετον
1102 3649 1288 3717 ΠΡωΤΟΥ

138 3762 336 3842 φιλοεοφίαν
360 3763 504 3828 ἀνθινοῑε
528 3765 743 3842 κοεμήεαντοε
773 3761 829 3847 (cf.
852 3761 948 3846 Diog.
973 3762 1017 3825 ὡ(
1039 3766 1170 3841 πρῶτοι
1193 3761 1286 3838 Βίων,

138 3869 242 3936 Strab.
266 3872 305 3937 ὅν
329 3894 403 3952 φηει
424 3875 581 3958 πρῶτον).
625 3872 740 3936 Verbis
763 3873 885 3936 scilicet
905 3873 985 3937 κατὰ
1008 3872 1129 3953 Θεόφρ.
1153 3870 1288 3954 scriptor

138 3981 317 4066 significare
340 3982 455 4064 voluit,
483 3982 619 4046 Bionem
641 3981 862 4066 Theophrasto
892 3983 989 4046 fuisse
1015 3982 1186 4065 aequalem.
1237 3980 1285 4046 Cf.

137 4090 313 4155 Bernhard.
337 4093 358 4156 l.
383 4114 409 4156 c.
433 4114 507 4177 pag.
534 4093 592 4156 187
616 4114 681 4175 seq.
721 4091 869 4156 Ceterum
891 4093 929 4157 de
951 4091 1128 4157 Metrodori
1150 4091 1233 4155 libro
1256 4115 1287 4156 π.

138 4202 216 4268 αἰεθ.
238 4202 286 4266 nil
308 4206 443 4266 constat.
489 4202 537 4266 De
560 4205 749 4286 argumento
772 4202 811 4267 cf.
828 4201 923 4288 Diog.
940 4202 1044 4267 Laert.
1061 4201 1109 4284 X,
1132 4203 1171 4266 31
1190 4223 1286 4285 seqq,

138 4310 223 4376 Sext.
247 4312 369 4396 Empir.
394 4313 462 4378 adv.
486 4314 583 4377 math.
608 4312 688 4395 Vll,
711 4313 774 4376 210
797 4334 873 4395 seq,
899 4313 939 4376 al.

189 4424 297 4463 Dertonae
1070 4440 1084 4484 3
