2956 4942
632 313 840 375 -geffl

162 485 257 570 longe
279 484 420 567 asperior
443 485 594 568 appareat
615 481 797 565 discipulus
838 481 982 564 (Praeter
997 481 1061 546 cie.
1086 482 1124 546 de
1139 486 1205 547 nat.
1222 483 1307 548 deor.

161 595 187 678 Ι,
209 595 261 676 40,
286 595 361 658 113:
383 593 606 677 „Metrodorus
629 613 717 672 vero,
740 592 795 676 qui
817 594 867 655 cst
887 591 1018 676 Epicuri
1042 592 1164 678 collega
1186 593 1335 676 sapien.

161 706 240 788 tiae,
277 703 378 767 multa
405 702 697 786 impudentiore
724 701 906 766 recitabat“
933 700 974 765 cf.
997 700 1132 768 Metrod.
1161 702 1308 788 fragmm.

103 848 106 853 ’
162 837 250 879 num.
266 812 472 900 VI—VHI.)
511 812 597 888 Quae
613 811 706 876 modo
729 811 867 876 breviter
888 814 1012 875 tantum
1036 812 1144 898 attigi,
1168 834 1205 876 ea
1226 813 1310 897 ipso·

162 947 248 1007 rum,
272 945 352 1007 quac
368 924 502 1008 collegi,
525 921 701 986 Metrodori
716 921 969 1006 fragmentorum
985 923 1221 1005 comparatione
1237 945 1310 988 cum

163 1035 257 1099 dictis
279 1033 412 1117 Epicuri
434 1033 581 1096 instituta
602 1031 729 1115 planius
757 1033 930 1114 patescent.
973 1031 1047 1095 Jam
1069 1054 1143 1097 uero
1167 1034 1192 1096 si
1217 1055 1310 1117 quae·

164 1145 278 1227 rimus,
308 1143 458 1227 quidnam
481 1142 519 1206 de
542 1140 705 1205 doctrinae
728 1140 874 1224 discipuli
903 1142 1169 1226 expositionibus,
1198 1146 1310 1227 utpote

164 1255 279 1338 quibus
301 1253 460 1317 interdum
484 1252 518 1315 in
540 1252 603 1314 alia
625 1250 733 1314 omnia
755 1250 937 1315 discessisse
960 1252 1104 1317 videatur
1126 1254 1186 1335 (cf.
1199 1244 1309 1318 annot.

164 1363 203 1427 ad
231 1362 366 1427 Metrod.
397 1363 510 1452 fragm.
538 1383 624 1424 num.
649 1360 708 1443 V),
737 1360 889 1446 magister
914 1361 1118 1446 judicaverit,
1145 1365 1253 1427 utrum
1281 1364 1311 1428 ei

164 1473 352 1557 placuerint,
376 1493 416 1535 an
433 1471 605 1534 ceciderint
624 1471 659 1533 in
675 1471 949 1556 vituperationem,
972 1472 1005 1535 id
1019 1471 1186 1547 decernere
1201 1475 1311 1557 nequi-

164 1606 244 1648 mus.
283 1582 382 1657 Quale
404 1582 489 1645 enirn
511 1581 609 1645 fuerit
630 1582 853 1664 argumentum
875 1581 950 1646 libri
964 1580 1115 1665 Epicurei
1137 1585 1219 1663 πρὸε
1242 1586 1311 1665 Μη-

164 1697 332 1776 τρόδωρον
362 1691 472 1774 scripti
502 1689 612 1775 (Diog.
636 1689 740 1754 Laert.
764 1689 803 1772 X,
825 1690 898 1775 28),
927 1691 1095 1756 nescimus.
1141 1693 1187 1756 At
1208 1697 1312 1758 aetate

165 1803 345 1869 Philodemi
368 1800 671 1866 circumferebantur
690 1799 821 1884 Epicuri
844 1801 1000 1881 ὑποθῆκαι
1022 1803 1065 1868 εἰ(
1088 1805 1311 1885 Μητρόδωρον

166 1915 421 1998 ἀναφερόμεναι,
459 1914 494 1974 ut
531 1909 680 1975 discimus
718 1932 756 1973 ex
791 1910 906 1995 fragm.
942 1909 976 1975 0.
1011 1913 1050 1976 Α.
1078 1911 1094 1975 Ι
1130 1935 1202 1997 pag.
1235 1915 1311 1979 152:

167 2075 254 2089 ......
277 2024 424 2104 ὑποψίαν
446 2024 517 2086 τινὰ
544 2021 750 2105 dilatamur
775 2023 821 2087 ὑνε
842 2023 915 2101 περί
935 2044 1033 2087 τινων
1062 2024 1239 2090 {acatos
1261 2028 1313 2091 ret

165 2142 220 2215 τῆε
243 2135 329 2218 risile
343 2133 515 2198 Πυθοκλέα
537 2132 608 2210 περὶ
631 2134 800 2212 μετεώρων
824 2133 974 2212 ἐπιτομῇ(
994 2134 1045 2197 καὶ
1060 2138 1118 2198 τοὺ
1134 2135 1207 2214 περὶ
1228 2135 1311 2198 ἁ....

166 2249 217 2312 καὶ
236 2249 302 2311 τῶν
325 2243 368 2309 εἰ(
391 2242 611 2321 Μητρόδωρον
635 2242 890 2323 ἀναφερομένων
912 2241 1083 2321 ὑποθηκῶν
1104 2248 1170 2308 κτλ.
1181 2243 1217 2328 0).
1253 2243 1312 2308 Re·
1413 2239 1416 2243 ’

166 2356 243 2437 fert,
258 2356 295 2418 ut
305 2353 429 2416 videt-ur
441 2349 660 2434 Philodemus,
677 2351 717 2415 ab
730 2351 835 2435 aliquo
848 2351 881 2414 in
896 2351 1108 2434 suspicionem
1119 2356 1231 2417 vocata
1244 2375 1313 2418 esse

166 2465 315 2550 Epicuri,
339 2484 419 2546 quae
434 2464 615 2544 enumerat,
638 2462 773 2545 scripta,
797 2482 931 2544 quorum
946 2462 1124 2526 recensioni
1140 2464 1314 2528 succedunt

166 2575 277 2639 verba:
307 2573 506 2642 didicisset
646 2570 781 2654 Reliqua
808 2573 939 2654 desunt,
968 2570 1084 2655 quibus
1111 2572 1312 2638 hauddubie

169 2706 265 2768 opera
288 2682 405 2746 abillo
424 2680 531 2765 judice
555 2680 664 2744 critico
680 2701 738 2763 pro
761 2680 909 2765 genuinis
924 2681 1034 2760 habita
1056 2684 1312 2748 continebantur.

167 2795 262 2858 Nunc
285 2795 389 2856 autern
413 2789 507 2855 nobis
530 2789 778 2874 inquirentibus,
803 2791 905 2874 qualis
928 2791 1128 2857 Metrodorus
1151 2794 1184 2857 in
1207 2794 1313 2858 defen·

168 2903 271 2967 dendo
302 2901 459 2966 exstiterit
488 2901 658 2984 qualesque
688 2901 748 2965 sibi
769 2902 973 2985 proposuerit
999 2903 1196 2968 adversarios
1223 2904 1313 2968 libris
1421 2910 1423 2914 ’

169 3012 418 3100 aggrediendos,
442 3010 606 3075 eontentio
629 3032 701 3074 curn
725 3009 904 3075 Timocrate
927 3011 1023 3076 fratre
1046 3013 1196 3077 offertur.
1229 3013 1314 3077 Huic

169 3124 294 3208 quidem
311 3123 448 3207 primum
463 3121 595 3205 Epicuri
609 3121 846 3205 philosophiam
861 3122 1067 3205 amplectenti
1087 3122 1195 3208 (Diog.
1210 3123 1313 3188 Laert.
1399 3197 1402 3203 .

168 3234 208 3317 Χ,
231 3235 266 3298 6:
296 3235 433 3311 μαθητὴς
456 3233 491 3296 δέ
513 3232 628 3313 αὑτοῦ)
651 3233 749 3314 atque
769 3231 894 3296 assidue
916 3231 956 3295 ad
979 3232 1153 3316 sapientiae
1175 3233 1314 3297 studium

168 3342 366 3407 incumbenti
399 3340 438 3404 dc
471 3340 659 3423 quibusdam
692 3342 837 3426 magistri
864 3342 991 3425 placitis
1019 3343 1158 3425 scrupuli
1189 3343 1315 3427 inJicie-

168 3454 293 3517 bantur.
339 3450 400 3527 Qui
423 3450 531 3534 quales
553 3449 689 3535 fuerint,
716 3450 777 3514 tibi
799 3472 838 3514 ex
859 3451 1035 3516 Metrodori
1058 3453 1247 3537 fragmentis
1276 3453 1314 3515 ad

168 3563 251 3627 hanc
274 3560 522 3626 controversiam
546 3560 764 3642 spectantibus
788 3560 938 3645 colligere
960 3548 1045 3625 licet.
1081 3560 1247 3626 Nonnulla
1268 3564 1314 3625 ta-

170 3696 243 3737 men
270 3673 401 3755 propter
428 3670 582 3734 orationis
610 3671 856 3754 perpetuitatem
886 3668 939 3734 hic
966 3692 1198 3756 praeoccupare
1226 3673 1312 3738 libet.

170 3781 388 3846 Dissentiebat
417 3780 539 3844 scilicet
560 3779 756 3845 Timocrates
779 3781 818 3845 de
841 3801 935 3844 causa
957 3782 1162 3864 edomuerint
1183 3805 1314 3846 nascen-

169 3895 220 3957 tis.
264 3891 423 3956 Nimirum
446 3890 603 3974 Epicurus
626 3913 814 3974 quemquam
836 3910 930 3974 posse
959 3892 1077 3956 malum
1099 3896 1184 3956 recte
1205 3893 1315 3976 fugere

238 4098 259 4163 ⁰)
278 4093 408 4163 Spengel.
426 4093 564 4162 Philolog.
580 4093 597 4147 l.
616 4110 639 4147 c.
655 4109 721 4162 pag.
739 4095 817 4162 534l5
836 4094 887 4147 ait:
911 4095 993 4159 „eine
1011 4096 1057 4148 fiir
1074 4093 1119 4148 die
1131 4093 1239 4148 echten
1259 4094 1316 4148 und

170 4178 402 4248 angezweifelten
414 4177 553 4233 Schriften
564 4178 682 4246 Epicure
699 4177 778 4232 nicht
795 4178 967 4248 unwichtige
980 4178 1068 4234 Stella
1075 4182 1098 4231 ¹².
1128 4177 1212 4232 Modo
1231 4180 1317 4246 caput

170 4262 226 4318 loci
238 4264 311 4317 esset
322 4264 478 4317 servatum!
505 4262 576 4316 Prae
589 4262 689 4317 ceteris
708 4263 833 4316 notanda
851 4263 971 4331 suspicio
990 4264 1025 4317 de
1044 4263 1167 4331 epitome
1186 4266 1250 4330 περὶ
1270 4281 1314 4328 με-

170 4348 290 4414 τεώρων
308 4346 393 4400 missa
412 4347 447 4405 ad
465 4346 640 4413 Pythoclem,
659 4364 732 4414 quac
751 4349 844 4400 exstat
861 4346 943 4415 Diog.
961 4347 1053 4401 Laert.
1072 4347 1105 4413 Χ,
1124 4354 1156 4402 84
1174 4364 1251 4414 seqq.
1278 4406 1280 4413 ,
1308 4401 1314 4415 ,
