2940 4934
629 296 839 358 -211-

159 467 261 533 visum
296 469 345 532 est
372 450 483 551 parum
512 465 669 532 rationem
702 464 834 529 habenti
862 465 1027 528 titulorum
1057 464 1188 529 minime
1223 464 1306 529 idem

158 577 396 643 declarantium.
439 576 529 653 Quod
545 576 584 641 ad
600 577 822 660 argumentum
837 574 991 657 pertinet,
1016 574 1192 639 contendas
1208 574 1304 659 Diog.

158 685 263 750 Laert.
286 685 325 770 X,
350 688 420 751 117.
446 688 516 750 122.
889 684 891 688 ”

310 795 347 881 2)
369 797 742 879 Περὶφιλοεοφὶας.

244 905 315 970 Hoc
344 927 424 990 opus
455 928 473 970 a
502 905 673 970 Plutarcho
701 905 771 969 adv.
800 903 912 969 Colot.¹
936 904 1015 968 1127
1038 903 1066 967 Β
1095 908 1306 969 memoratum

159 1016 328 1101 Menagius
358 1016 453 1080 etiam
482 1015 552 1080 adv.
576 1015 679 1082 Oolot.
706 1014 788 1080 1108
802 1013 847 1078 E:
876 1015 895 1079 ὁ
924 1017 959 1080 δὲ
983 1015 1200 1095 Μητρόδωρο(
1222 1015 1306 1081 ἀντι-

159 1127 235 1205 κρὺ(
250 1128 324 1207 περὶ
339 1127 534 1208 φιλοεοφία(
549 1127 674 1206 εἴρηκεν
697 1124 819 1188 laudari
839 1123 1016 1206 suspicatus
1032 1126 1089 1208 911,
1113 1128 1307 1209 quapropter

160 1235 361 1299 scribendum
388 1235 572 1318 proposuit:
600 1235 717 1315 ἀντικρ.
746 1235 849 1319 ἐντῷ
877 1234 950 1313 περὶ
977 1236 1043 1314 φιλ.
1067 1234 1123 1313 εἴρ.
1168 1234 1213 1298 At
1239 1256 1306 1298 nun

160 1347 223 1428 est,
246 1366 302 1409 cur
316 1345 413 1409 verba
428 1345 559 1430 vulgata
573 1345 740 1428 reprobes,
763 1343 803 1408 ad
818 1364 897 1426 quae
912 1342 1007 1406 modo
1023 1346 1129 1407 mente
1145 1344 1305 1427 concipias

158 1475 276 1518 nomen
299 1455 507 1537 Ἐπικούρου,
539 1476 614 1518 narn
648 1453 687 1518 de
713 1451 845 1537 Epicuri
876 1450 1089 1536 philosophia
1108 1451 1206 1517 hocce
1234 1453 1305 1517 luco

159 1564 275 1648 agitur.
306 1562 355 1629 Of.
372 1563 508 1628 Metrod.
524 1563 638 1649 fragm.
660 1585 746 1628 num.
762 1561 897 1627 XXXII.
936 1561 1083 1626 Ceterum
1106 1561 1305 1627 Metrodorus

158 1695 269 1738 omnes
283 1672 504 1758 philosophiae
519 1678 625 1758 partes
646 1675 799 1737 tractasse
814 1672 938 1737 videtur
960 1675 1054 1755 atque
1076 1694 1114 1736 ex
1130 1671 1202 1736 libri
1218 1673 1304 1758 frag·

56 1792 57 1796 ’
157 1783 274 1847 mentis
302 1806 321 1847 a
341 1782 512 1848 Plutarcho
535 1783 611 1866 (vid.
635 1784 782 1868 fragmm.
806 1804 892 1846 num.
908 1781 1029 1846 XVIII.
1053 1781 1146 1869 XIX)
1169 1783 1304 1846 servatis

158 1914 230 1956 eum
259 1891 354 1957 etiam
383 1892 421 1956 de
443 1893 606 1976 republica
628 1892 820 1976 capessenda
848 1892 925 1975 quid
946 1891 1137 1974 philosopho
1160 1891 1303 1977 cogitan-

71 2039 81 2056 ·
158 2002 233 2066 dum
255 2003 313 2085 sit,
336 2002 521 2067 disseruisse
544 2006 677 2068 constat.

473 2198 507 2267 b)
525 2198 611 2255 Libri
629 2197 756 2268 physica
774 2198 980 2255 contiueutes.

309 2337 343 2421 3)
366 2339 465 2418 Περὶ
485 2338 714 2418 μεταβολῆς.

137 2463 140 2466 “
243 2444 368 2510 (litatur
389 2446 468 2511 haec
491 2445 621 2530 scriptio
649 2467 669 2508 a
690 2444 835 2529 Diogene
857 2443 984 2508 Laertio
1007 2443 1052 2527 X,
1074 2441 1116 2507 24
1144 2447 1176 2508 91
1197 2444 1304 2508 Philo-

158 2555 250 2618 damo
280 2554 319 2619 de
346 2556 466 2640 pietate
496 2555 543 2620 ed.
567 2554 735 2638 Gomperz.
763 2575 836 2638 pag.
859 2554 929 2617 137.
947 2537 1015 2617 ’138
1039 2553 1110 2639 (bis.
1134 2552 1183 2619 Of.
1207 2554 1303 2620 (1.1.

157 2662 191 2728 II
211 2685 285 2749 pag.
305 2665 374 2730 122.
399 2666 490 2749 123).
536 2665 666 2728 Librum
688 2662 892 2727 Metrodorus
919 2663 1057 2727 scribere
1084 2663 1240 2742 instituit,
1267 2667 1305 2728 ut

158 2773 348 2860 fragmenta
365 2775 449 2858 quod
465 2774 549 2858 apud
564 2772 788 2839 Philodamum
804 2772 880 2858 (vid.
893 2771 1029 2837 Metrod.
1046 2773 1160 2859 fragm.
1175 2796 1262 2838 num.
1273 2773 1302 2856 I)

157 2884 332 2967 reperimus
354 2885 438 2949 male
461 2888 636 2967 servatum,
659 2884 880 2967 confirmatur,
903 2883 942 2947 de
956 2883 1013 2965 iis,
1036 2905 1116 2966 quae
1131 2886 1302 2961 mutentur,

157 3015 301 3078 quaeque
328 2997 490 3079 nequeant
516 2994 649 3077 mutari,
685 3015 765 3077 quae
793 2993 971 3077 solvantur,
1005 3014 1147 3077 quaeque
1180 3016 1304 3077 semper

158 3107 309 3168 maneant
335 3105 454 3170 eadem.
499 3105 605 3190 Atque
626 3104 677 3168 his
706 3103 745 3169 de
766 3103 860 3168 rebus
884 3103 1086 3186 quaestiones
1114 3125 1186 3167 cum
1208 3126 1303 3188 gene-

157 3213 252 3278 ratim
267 3213 406 3297 antiquis
421 3213 637 3298 philosophis,
659 3217 729 3279 tum
743 3213 905 3296 imprimis,
916 3213 1056 3296 Epicuro
1072 3235 1110 3276 ex
1125 3216 1302 3278 atomorum

158 3322 335 3406 agitatione
357 3326 390 3387 91
412 3324 615 3388 concretione
637 3324 817 3388 universum
841 3323 1010 3388 deducenti
1024 3322 1230 3408 gravissimae
1252 3345 1304 3388 ex-

158 3431 323 3515 stiterunt,
352 3433 468 3517 quippe
491 3433 581 3518 cujus
602 3433 641 3497 de
661 3433 737 3517 diis,
760 3433 799 3498 de
823 3433 930 3498 anima
937 3480 946 3515 ,
976 3433 1014 3497 de
1033 3433 1166 3516 mundo,
1190 3434 1302 3499 ceteris

157 3541 303 3606 doctrina
329 3542 403 3606 inde
432 3543 616 3607 illustretur.
662 3542 711 3608 Of.
740 3542 835 3628 Diog.
865 3542 969 3606 Laert.
998 3541 1044 3625 X,
1071 3543 1123 3607 40.
1150 3543 1193 3609 54
1214 3564 1300 3626 seqq.

157 3649 282 3716 Lucret.
311 3651 354 3716 de'
377 3674 437 3717 rer.
466 3655 531 3716 nat.
562 3653 588 3737 Ι,
615 3652 679 3718 584
699 3673 786 3737 seqq.
816 3651 858 3736 Π,
885 3652 949 3717 478
970 3673 1057 3735 seqq.
1088 3653 1175 3738 (cum
1195 3653 1300 3717 Munr.

157 3761 295 3845 unnott.)
318 3764 351 3825 et
372 3784 451 3846 quae
473 3783 532 3826 nos
556 3763 596 3827 ad
612 3762 746 3827 Metrod.
768 3763 882 3847 fragm.
906 3761 1024 3825 numI
1046 3763 1278 3827 annotabimus

307 3871 343 3954 4)
365 3874 461 3951 Περὶ
484 3877 592 3940 θεῶν.

241 3979 364 4046 Laudat
384 3979 447 4046 hoc
468 4002 549 4065 opus
564 3981 770 4047 Philodemus
785 3983 806 4046 l.
823 4004 848 4046 c.
865 4004 938 4068 pag.
957 3983 1016 4047 137
1032 3981 1117 4066 apud
1133 3981 1299 4067 Gomperz.
1342 4065 1345 4070 .

158 4086 207 4172 (0.
224 4090 264 4153 A.
280 4089 313 4153 ΙΙ
328 4111 402 4176 pag.
421 4090 511 4177 122):
534 4095 585 4158 καὶ
608 4092 857 4180 Μητρό(δωρο()
880 4095 1030 4175 τυγχάνει
1053 4143 1130 4158 ......
1154 4093 1229 4178 (οὐκ
1250 4094 1301 4175 ἐν)

146 4205 202 4283 (τῷ
224 4202 297 4280 περὶ
318 4201 418 4287 Θε(ῶν
442 4200 526 4282 οὐ)δ’
554 4202 589 4268 ἐν
616 4210 662 4287 τῷ
689 4203 776 4288 πε(ρὶ
797 4204 1004 4289 μετα)βολῆε,
1034 4203 1088 4267 ubi
1117 4203 1189 4282 περὶ
1216 4209 1301 4270 θεῶν

157 4328 223 4370 non
245 4307 339 4374 dubie
360 4311 546 4393 reposcitur.
591 4310 628 4375 In
644 4295 826 4377 uniuersum
842 4312 881 4376 ci.
899 4311 963 4377 Cic.
979 4311 1017 4376 de
1032 4315 1096 4376 nat.
1114 4311 1199 4377 deor.
1215 4311 1241 4376 I.
1258 4312 1300 4377 H.
