2956 4942
638 283 848 344 —28-

168 462 275 546 pedite
297 459 508 531 conformatio
522 468 566 554 t),
589 467 697 531 tamen
720 468 879 532 sententia
901 467 1079 532 Philodami
1102 472 1196 534 acuta
1219 469 1315 534 Gom·

166 572 265 662 perzii
281 576 364 642 vocis
379 578 560 654 ἁγνεύοντα
570 578 782 662 restitutione,
800 571 879 662 quae
895 576 990 642 etiam
1005 577 1242 664 simplicissima
1256 583 1315 664 est,

167 709 223 752 sua
251 691 365 773 sponte
392 687 592 774 intelligitur.
644 689 699 777 Ait
727 688 851 753 scilicet
877 687 1086 772 philosophus
1109 686 1314 773 Gadarensis,

167 797 320 881 quosdam
343 797 535 891 (subjectum
549 798 638 862 verbi
653 799 843 881 ἀφεετήκαα
867 799 981 864 lacuna
1003 800 1202 884 absorptum)
1225 799 1315 864 libris

166 910 240 987 περὶ
267 913 351 974 θεῶν
379 908 567 992 conscriptis
590 932 609 972 a
630 909 768 992 ratione,
797 931 859 993 qua
886 909 947 973 sibi
976 910 1180 975 sanctitatem
1200 915 1316 995 parent

103 1078 106 1084 .
166 1015 311 1081 homines
334 1011 619 1103 commerciumque
643 1041 714 1084 cum
730 1013 789 1084 diis
812 1015 984 1084 instituant
1006 1019 1168 1106 (ἁγνεύων
1191 1023 1314 1104 λόγος),

60 1171 63 1176 -
167 1126 344 1190 accuratius
371 1127 578 1194 describenda
605 1130 700 1216 longe
728 1129 879 1194 abfuisse.
924 1128 1014 1205 Quod
1036 1130 1252 1195 Metrodorum
1280 1127 1314 1194 in

167 1236 311 1326 Socrate,
340 1261 412 1305 cum
433 1240 664 1326 Euthyphrone
686 1240 746 1306 hac
774 1242 813 1305 de
840 1263 874 1305 re
897 1240 1072 1305 disserente
1101 1241 1185 1325 apud
1207 1240 1313 1305 Plato-

84 1340 86 1344 ·
166 1373 240 1416 nem
260 1351 295 1416 in
310 1351 463 1436 dialogo,
477 1352 531 1435 qui
553 1351 725 1435 inscriptus
748 1354 797 1416 est
810 1350 1038 1435 Euthyphron,
1060 1349 1312 1435 reprehendisse,

166 1485 183 1526 e
204 1462 274 1526 loco
295 1464 405 1526 nostro
428 1462 504 1526 satis
527 1461 726 1545 perspicitur.
771 1462 932 1527 Nimirum
953 1460 1036 1544 apud
1059 1461 1229 1525 Platonem
1250 1462 1271 1524 l.
1285 1484 1312 1526 c.

166 1569 311 1636 Socrates
328 1576 451 1656 vatem,
474 1593 571 1656 aquo
592 1592 709 1636 nomen
730 1571 840 1635 libello
861 1571 997 1636 inditum
1020 1573 1083 1654 est,
1105 1592 1212 1635 rerum
1234 1571 1312 1635 divi-

165 1703 295 1764 narum,
318 1685 353 1746 ut
368 1683 436 1766 ipse
450 1686 557 1767 putat,
572 1682 663 1746 valde
678 1682 832 1767 peritum,
849 1682 995 1746 simulata
1009 1681 1056 1745 rei
1070 1681 1313 1766 investigandae

38 1842 40 1846 ,
165 1792 347 1876 sedulitate,
376 1814 413 1857 eo
435 1793 594 1877 perducit,
622 1795 658 1856 ut
679 1792 781 1876 primo
803 1791 930 1875 quidem
958 1790 1176 1855 definitionem
1198 1813 1312 1875 propo·
1392 1867 1394 1872 .

165 1903 274 1987 sitam,
295 1903 447 1986 pietatem
468 1903 553 1967 idem
574 1903 679 1967 valere
702 1905 797 1987 atque
818 1903 856 1967 τὸ
878 1904 1044 1984 θεοφιλές,
1068 1901 1220 1985 accipiat,
1243 1905 1312 1966 turn

165 2034 255 2092 vero,
284 2012 424 2078 Socratis
452 2013 725 2077 demonstratione
754 2011 868 2076 erroris
892 2010 1071 2095 convictus,
1101 2010 1209 2104 mittat
1237 2012 1309 2076 mis·

165 2144 294 2206 samque
307 2129 467 2208 postremo
489 2122 605 2186 iterum
626 2121 810 2206 imprudens
825 2121 966 2205 recipiat.
1004 2120 1084 2185 Abit
1097 2124 1186 2186 vates
1205 2121 1312 2206 dispu-

164 2231 294 2296 tationis
321 2235 502 2317 pertaesus,
538 2231 678 2297 Socratis
712 2231 751 2296 de
778 2231 896 2316 pietate
925 2231 1075 2315 opinione
1102 2221 1243 2296 nondum
1271 2232 1312 2295 ad

164 2340 320 2425 liquidum
342 2343 513 2426 explorata.
551 2341 653 2418 Quam
668 2364 735 2406 rem
749 2342 966 2407 Metrodorum
988 2343 1022 2406 in
1038 2342 1121 2407 libro
1138 2343 1210 2422 περὶ
1225 2350 1310 2408 θεῶν

165 2452 340 2535 composito
362 2453 506 2539 attigisse
527 2474 593 2517 non
608 2453 690 2517 male
711 2453 868 2536 quispiam
892 2453 1049 2541 conjiciat.
1088 2452 1237 2517 Ceterum
1258 2452 1312 2517 hic

164 2562 252 2626 locus
274 2583 339 2626 non
357 2562 609 2647 'praetereundus
627 2562 816 2647 judicaturis
838 2562 877 2626 de
900 2562 1090 2627 auctoritate
1107 2561 1311 2646 Euthyphro·

163 2672 214 2736 nis
236 2671 364 2760 dialogi.
384 2673 504 2748 *Quam
519 2672 655 2736 maxime
671 2671 798 2756 quidem
820 2672 1081 2756 reprehensiones
1105 2672 1311 2736 conferuntur

164 2781 205 2845 ad
226 2781 321 2846 fidem
348 2782 466 2868 dialogi
488 2783 523 2847 in
545 2782 758 2867 suspicionem
785 2781 1017 2865 adducendam,
1045 2784 1156 2866 utpote
1184 2782 1218 2845 in
1247 2803 1310 2866 quo

164 2891 202 2955 de
231 2895 346 2956 natura
371 2892 499 2978 pietatis
527 2892 610 2956 nihil
638 2893 680 2958 sit
706 2892 893 2977 diligentius
922 2892 1117 2976 expositum,
1149 2892 1310 2955 immone

164 3002 379 3086 significatum
401 3003 542 3088 quidem3
570 3025 666 3088 quam
693 3003 960 3086 vituperationem
982 3002 1058 3067 licet
1086 3024 1105 3065 a
1126 3001 1310 3066 Metrodoro

163 3111 325 3176 videamus
347 3114 569 3199 anticipatam,
590 3116 699 3178 tamen
721 3112 774 3177 hic
789 3113 933 3197 dialogus
955 3112 1056 3175 nihilo
1079 3111 1181 3176 secius
1204 3110 1309 3174 aPla-

163 3224 238 3286 tone
261 3223 424 3290 confectus
448 3225 603 3289 censetur.

450 3396 480 3464 ο)
498 3361 584 3449 nun
602 3393 640 3449 au
659 3392 791 3449 sauream
807 3393 1015 3463 pertinentes.

314 3515 349 3600 5)
372 3517 471 3594 Περὶ
493 3513 801 3596 μεγαλοψυχίας.

248 3625 405 3691 Memorat
426 3624 487 3689 hoc
502 3624 655 3708 scripturn
670 3622 832 3710 Diogenes
847 3622 991 3686 Laertius
1012 3621 1050 3698 X,
1067 3620 1110 3684 24
1131 3624 1163 3686 et
1184 3621 1310 3685 videtur

162 3734 366 3799 Philodemus
381 3735 526 3799 laudasse
548 3735 618 3798 loeo
632 3733 755 3798 lacunis
778 3733 948 3797 admodum
968 3731 1120 3815 perplexo
1141 3731 1215 3794 libri
1237 3732 1310 3810 περὶ

163 3848 282 3912 κακιῶν
297 3844 331 3908 in
346 3844 381 3910 Ο.
397 3844 432 3909 Ρ.
448 3843 498 3911 III
514 3844 571 3909 col.
589 3845 607 3908 7
624 3843 698 3929 (Ox.
714 3842 730 3906 I
750 3843 808 3907 col.
825 3843 874 3927 8),
897 3841 951 3906 ubi
974 3841 1013 3905 de
1035 3839 1180 3924 superbis
1203 3838 1310 3924 agitur

164 3954 369 4038 sapientibus.
414 3953 565 4038 Legimus
586 3954 698 4018 verba:
728 3953 840 4047 (oloolr
857 3952 881 4018 d
905 3952 1154 4032 Μητρόδω(ρο)ε
1176 3949 1310 4033 chromo

164 4064 262 4150 εῖν)αί
289 4063 428 4149 poples,
466 4067 502 4128 ut
529 4063 668 4148 explevit
694 4061 822 4147 quidem
850 4060 1009 4145 Sauppius
1044 4057 1242 4142 (Philodami
1270 4057 1309 4122 de

231 4269 254 4335 P)
273 4265 406 4335 Copulari
422 4266 540 4334 possunt
557 4266 645 4319 verba
661 4266 691 4318 in
708 4266 782 4319 hunc
799 4264 927 4319 modum:
951 4264 1023 4317 dicre
1042 4262 1170 4329 Μητρόδ.
1194 4262 1241 4314 καὶ
1259 4260 1309 4314 αὐ-

163 4353 216 4408 τὸν
235 4352 387 4423 (ωκράτην
406 4351 562 4417 καταμέμφ.
581 4352 660 4418 εἴπερ
677 4356 764 4406 τοῦτο
782 4350 860 4404 ἐπόει
878 4348 949 4416 πρὸ(
968 4347 1091 4414 concap.
1111 4350 1163 4399 τοῦ
1182 4347 1273 4400 Πλατ.
