2956 4942
636 286 865 381 -514

167 486 324 569 luptatum
352 507 462 549 causas
494 507 562 550 esse
590 486 791 549 nascentium
819 485 917 549 animi
945 485 1147 549 affectionum
1175 485 1313 569 cujusvis

165 596 292 680 generis
314 617 427 679 parum
449 600 498 660 est
519 595 698 660 verisimile.
744 594 854 660 Cicero
876 595 936 660 hac
964 595 1002 659 de
1025 595 1210 680 quaestione
1229 593 1313 658 nihil

67 718 69 722 '
166 705 291 788 scribit,
321 705 419 769 immo
443 705 481 770 de
503 705 722 770 recordatione
744 705 839 769 modo
863 709 896 769 et
917 727 973 789 spe
995 705 1137 789 disputat
1158 708 1252 790 atque
1275 727 1314 768 ex

165 813 304 898 Epicuro
335 817 470 900 quaerit,
507 816 584 900 quid
612 815 651 878 ad
680 837 794 899 corpus
823 815 941 879 referat
970 837 1008 879 ex
1036 814 1313 880 commendatione

166 925 338 989 liberorum
353 925 544 1009 Metrodori,
567 948 624 1009 per
645 947 680 990 se
702 925 832 1010 egregio
855 925 971 990 offici0.
1008 925 1081 990 Vid.
1105 926 1143 990 de
1158 925 1246 990 finib.
1269 924 1312 1008 11,

165 1036 221 1120 303
249 1035 280 1118 1,
307 1037 413 1100 11311.
464 1035 540 1101 Sine
567 1036 663 1099 dubio
696 1057 764 1122 rem
792 1057 858 1099 non
886 1036 965 1099 satis
993 1034 1106 1099 habuit
1133 1035 1312 1120 cognitam3
1360 1055 1366 1061 ·

165 1167 279 1228 quare,
305 1146 459 1229 numquid
482 1145 560 1210 haec
583 1145 763 1230 fragmenta
786 1167 858 1209 cum
880 1145 1203 1229 Epicurisententiis
1226 1145 1312 1208 diffe-

164 1258 252 1339 rant,
288 1255 458 1320 decernere
491 1277 558 1320 non
590 1256 673 1320 licet.
732 1254 821 1320 Inter
848 1255 1023 1339 Epicureos
1057 1257 1127 1320 illa:
1165 1256 1313 1322 εὐςταθὲς

54 1432 57 1437 ,
166 1368 361 1447 κατάςτημα,
399 1367 563 1432 εὐςτάθεια
591 1368 718 1449 ςαρκός,
756 1367 845 1432 ἐλπὶς
878 1366 997 1446 ἀγαθή,
1034 1369 1168 1448 ἔλπιςμα
1200 1367 1311 1433 πιςτόν

167 1476 345 1559 similiaque
373 1475 530 1539 dabantur
558 1476 647 1560 quasi
675 1479 822 1540 tesserae.
880 1475 1093 1551 Quamobrem
1129 1477 1312 1544 εὺττάθειαν

165 1587 278 1665 ςαρκός
300 1585 461 1650 Plutarch.
486 1607 552 1650 san.
575 1607 679 1669 praec.
705 1585 807 1652 1350
829 1589 923 1650 vocat
944 1589 1163 1669 ὑμνουμένην,
1195 1586 1312 1671 quippe

164 1695 218 1779 qui
240 1696 275 1760 in
297 1696 403 1780 libris,
431 1717 511 1780 quos
534 1695 726 1779 conscripsit
747 1696 896 1760 adversus
920 1696 1112 1780 Epicureos,
1136 1697 1312 1761 sexcenties

163 1805 218 1869 illa
240 1808 371 1889 usurpet
392 1799 546 1870 vocabula
568 1805 678 1870 eadem
700 1809 794 1889 atque
809 1805 959 1890 Epicurei
983 1806 1227 1891 significatione.
1262 1805 1310 1872 Of.

164 1915 263 1980 Olem.
287 1916 377 1980 Alex.
401 1915 422 1978 l.
439 1937 464 1979 c.
486 1916 558 1979 412.
588 1914 669 1979 Gell.
691 1915 732 1980 N.
755 1917 795 1979 A.
820 1915 876 1999 IX,
891 1915 920 1980 5.
966 1915 1038 1979 Vox
1060 1916 1225 1983 εὐςτάθεια
1247 1937 1312 1980 una

164 2046 235 2089 cum
256 2025 440 2089 nominibus
463 2025 609 2110 cognatis
631 2026 784 2106 εὐςταθής
806 2029 838 2090 31
860 2027 1024 2092 εὐςταθεῑν
1047 2028 1121 2090 ante
1136 2025 1311 2109 Epicurum

164 2135 247 2218 apud
273 2138 386 2219 poetas
419 2138 544 2199 tantum
576 2136 703 2220 proprie
736 2137 774 2200 de
807 2136 900 2200 rebus
935 2136 1016 2200 benc
1034 2133 1199 2202 'stabilitis
1228 2136 1333 2202 dicta·

163 2245 339 2330 invenitur,
362 2245 417 2309 sed
439 2246 513 2310 inde
536 2245 576 2308 ab
598 2244 739 2329 Epicuro
760 2268 819 2309 usu
841 2245 1058 2330 metaphorico
1080 2247 1309 2331 frequentatur.
1377 2259 1380 2265 '

163 2353 235 2418 Vid.
251 2354 369 2439 Phryn.
389 2355 501 2440 ibique*
509 2355 646 2419 Lobeck.
662 2378 735 2441 pag.
753 2357 817 2420 282
832 2378 896 2440 seq.
920 2355 1033 2419 Thom.
1050 2356 1136 2441 Mag.
1152 2378 1225 2442 pag.
1238 2357 1310 2422 301.
1378 2404 1380 2409 .

164 2463 323 2529 Cleomed.
341 2465 419 2548 cycl.
435 2463 574 2529 1113312
595 2465 642 2529 ed.
658 2464 737 2529 Bak.
760 2488 833 2552 pag.
852 2467 928 2550 1073
950 2465 1013 2529 421
1030 2487 1115 2550 seqq.
1158 2467 1311 2547 Ἐλπιςμα

162 2596 282 2639 nomen
304 2575 474 2639 admodum
495 2597 602 2640 rarum
629 2574 681 2639 hic
702 2576 858 2660 primum,
885 2576 969 2660 quod
992 2576 1105 2660 sciam,
1133 2575 1310 2641 adhibitum
1444 2585 1447 2590 '

162 2706 199 2748 33
221 2685 356 2750 fortasse
378 2685 419 2749 ab
440 2683 580 2768 Epicuro
603 2685 714 2751 fictum
738 2689 795 2751 est.

691 2866 780 2920 xlll.

314 2982 474 3048 Plutarch.
497 3006 562 3048 non
583 3005 678 3067 posse
700 3006 785 3048 suav.
809 2983 977 3048 1131098
993 2983 1029 3050 O.

250 3094 304 3157 Καὶ
332 3095 429 3159 πάλιν
456 3095 522 3160 πού
550 3115 646 3175 φηςιν
669 3095 704 3160 ἐν
733 3095 844 3160 αὐτοῖς
872 3098 941 3160 τοῖς
968 3095 1158 3174 γράμμαςιν·
1187 3096 1232 3162 ὡς
1259 3100 1310 3161 καὶ

161 3203 281 3282 ἐχάρην
307 3205 359 3269 καὶ
386 3204 621 3284 ἐθραςυνάμην,
654 3205 703 3270 ὅτι
732 3205 851 3284 ἔμαθον
879 3206 959 3284 παρ’
987 3204 1177 3285 Ἐπικούρου
1204 3206 1310 3285 ὀρθῶς

161 3314 271 3392 γαςτρὶ
292 3313 477 3393 χαρὶῑεςθαι.

248 3490 421 3555 Antecedit
450 3491 564 3576 fragm.
593 3515 679 3557 num.
708 3491 804 3558 XVII
837 3515 875 3557 cx
902 3491 1079 3557 Metrodori
1110 3492 1150 3556 ad
1177 3493 1308 3557 fratrem

163 3600 307 3682 epistulis
330 3600 562 3686 depromptum.

693 3713 775 3770 XIV.

314 3828 476 3903 Plutarch.
499 3831 568 3895 adv.
592 3831 694 3897 (13131.
720 3833 800 3896 1117
816 3830 854 3895 Β.

246 3941 329 4005 Ἀλλ’
351 3942 440 4020 ὅμως
467 3941 566 4022 ὁμὲν
590 3943 809 4022 Μητρόδωρος
836 3944 894 4008 τὸν
922 3942 1083 4023 Τίμαρχον
1111 3944 1307 4021 παρακαλῶν

162 4071 249 4132 φηςι·
272 4052 462 4131 Ποιήςωμέν
478 4073 507 4116 τι
521 4039 621 4119 καλὸν
644 4053 696 4117 ἐπὶ
717 4056 842 4129 καλοῖς,
865 4053 1010 4132 μονονοὺ
1026 4053 1218 4118 καταδύντες
1238 4056 1308 4118 ταῖς

162 4161 400 4238 ὁμοιοπαθείαις
422 4163 473 4227 καὶ
495 4161 734 4240 ἀπαλλαγέντες
755 4163 790 4227 ἐκ
807 4167 865 4228 τοῦ
887 4163 983 4242 χαμαὶ
1006 4163 1076 4241 βίου
1098 4161 1143 4226 εἰς
1164 4164 1204 4227 τὰ
1226 4163 1306 4227 Ἐπι-

161 4271 283 4351 κούρου
306 4272 351 4337 ὡ(
373 4271 501 4352 ἀληθῶς
524 4272 688 4353 θεόφαντα
710 4271 811 4353 ὄργια.

1061 4458 1102 4511 4*
