2956 4942
636 287 843 350 ..50-

168 460 304 539 γαετέρα
330 460 451 537 ἡδονῆς
479 459 574 523 ἕνεκα
594 458 765 534 γεγονέναι
791 459 843 522 καὶ
864 460 920 533 τῆ(
942 454 1023 534 ὑπὲρ
1045 456 1160 536 ταύτηε
1187 456 1322 522 ἐλπίδος

149 569 307 663 Αάγαθῆε,
331 569 376 633 ὡ(
399 568 418 632 ὁ
441 570 543 649 roob(
565 567 669 647 εἴρηκε
693 569 921 648 Μητρόδωροε.

703 751 776 808 ΧΠ.

320 889 483 955 Plutarch.
507 890 579 954 adv.
602 888 704 954 Colot.
731 890 812 954 1125
827 888 864 964 Β.
970 894 994 940 ⁰

254 1001 401 1079 Καθάπερ
425 1000 524 1066 οἴεται
548 1003 616 1065 δεῖν
639 999 776 1080 ocosse
793 1000 1013 1079 Μητρόδωροε
1036 999 1156 1076 λέγων·
1179 1001 1219 1064 τὰ
1233 1001 1319 1064 καλὰ

167 1113 273 1178 πάντα
300 1113 352 1176 καὶ
374 1113 461 1191 εοφὰ
488 1113 540 1175 καὶ
567 1113 698 1190 περιττὰ
725 1114 780 1188 τῆε
803 1113 909 1189 ψυχῆε
937 1109 1131 1188 ἐξευρήματα
1159 1113 1214 1187 τῆ(
1236 1110 1319 1174 κατὰ

170 1221 268 1302 εοίρκα
289 1221 409 1300 ἡδονῆε
432 1221 526 1285 ἕνεκα
548 1222 599 1285 καὶ
620 1224 676 1298 τῆ(
698 1220 827 1285 ἐλπίδοε
849 1224 905 1300 τῆ(
928 1219 1009 1297 ὑπὲρ
1030 1221 1147 1298 ταύτηε
1169 1221 1317 1285 ευνεετά-

168 1352 221 1398 ναι
243 1333 294 1397 καὶ
316 1333 381 1397 πᾶν
404 1330 486 1395 εἶναι
509 1331 605 1396 κενὸν
627 1330 742 1409 ἔργον,
766 1329 785 1394 ὁ
807 1332 848 1411 μὴ
871 1329 916 1394 εἰ(
937 1332 1034 1393 τοῦτο
1057 1330 1239 1394 κατατείνει.

253 1549 343 1614 Sicut
364 1550 517 1634 magister
537 1549 658 1614 ventris
680 1549 877 1632 voluptatem
900 1550 1002 1629 ἀρχὴν
1025 1550 1075 1614 καὶ
1098 1549 1187 1629 ῥίζαν
1211 1549 1316 1631 cujus-

166 1681 226 1743 que
249 1659 326 1723 boni
344 1659 482 1744 judicat,
506 1659 546 1722 ad
569 1681 663 1743 quam
685 1663 725 1724 τὰ
748 1663 834 1741 corpo
856 1662 907 1724 καὶ
929 1660 1060 1738 περιττά
1083 1680 1152 1722 sese
1173 1658 1316 1721 referant

167 1770 227 1852 (cf.
250 1769 369 1833 Athen.
394 1769 472 1853 VII,
501 1770 565 1834 280
579 1770 610 1832 A-
631 1800 673 1823 =
695 1768 759 1832 XII
766 1819 775 1852 ,
803 1767 907 1833 546ss
937 1772 969 1832 et
998 1768 1064 1833 Cio.
1095 1768 1133 1831 de
1161 1767 1248 1831 finib.
1271 1767 1315 1850 ll,

166 1879 217 1961 30,
241 1878 296 1963 98)
331 1882 363 1943 et
385 1885 490 1946 πᾶιαν
512 1881 615 1961 χαρὰν
645 1884 701 1958 τῆ(
724 1884 829 1960 ψυχῆε
853 1877 952 1944 οἴεται
982 1879 1035 1943 ἐπὶ
1056 1878 1315 1963 πρωτοπαθούεῃ

164 1995 202 2074 τῇ
226 1990 313 2068 εαρκὶ
334 1991 479 2066 γενέεθαι
502 1987 617 2069 (Clem.
641 1989 732 2052 Alex.
756 1987 799 2070 ll,
823 1989 900 2073 417)
912 2037 921 2070 ,
945 1988 991 2052 sio
1013 1987 1215 2051 Metrodorus
1238 2009 1315 2071 quo·

166 2120 226 2181 que
254 2121 292 2162 ex
321 2099 469 2162 suavibus
499 2099 641 2181 corporis
670 2097 893 2161 affectionibus
923 2098 1121 2182 (junguntur
1142 2100 1259 2178 γαετήρ
1284 2101 1316 2161 et

165 2209 258 2274 ἄλλοι
287 2210 383 2289 πόροι
411 2214 465 2287 τῆε
495 2210 609 2289 εαρκόε
631 2208 747 2291 fragm.
771 2230 857 2272 num.
875 2207 935 2294 XI)
964 2208 1053 2272 nasci
1081 2208 1192 2272 scribit
1214 2208 1315 2271 animi

165 2318 301 2402 bonum,
329 2319 545 2400 inventiones,
568 2317 737 2402 laetitiam3
767 2318 844 2401 quin
865 2317 950 2381 idem
973 2318 1018 2381 ait
1045 2339 1115 2381 esse
1137 2317 1236 2380 animi
1258 2317 1312 2381 bo

147 2435 241 2492 'num
274 2432 367 2511 atque
400 2428 515 2492 bonam
545 2428 686 2510 corporis
722 2428 984 2492 constitutionem
1013 2427 1126 2512 fragm.
1162 2449 1248 2492 num.
1273 2412 1313 2500 X,

165 2538 262 2613 Quasi
289 2537 534 2602 fundamentum
562 2539 760 2617 ὑπερείδεται
787 2540 825 2602 τὸ
853 2539 1015 2617 ἡδόμενον
1043 2543 1099 2616 τῆ(
1122 2541 1236 2618 εαρκὸε
1265 2546 1313 2623 τῷ

65 2713 68 2717 ,
164 2651 307 2728 χαίροντι
336 2651 392 2726 τῆ(
423 2653 529 2728 ψυχῆε
559 2647 708 2730 (Epicur.
739 2670 789 2731 ap.
819 2646 981 2711 Plutarch.
1009 2669 1076 2711 non
1102 2669 1198 2731 posse
1225 2669 1312 2711 suav.

164 2759 226 2823 viv.
252 2757 357 2842 1089).
402 2757 474 2822 Huc
501 2757 639 2840 accedit,
668 2757 754 2841 quod
777 2756 976 2821 Metrodorus
1004 2779 1071 2821 non
1093 2758 1196 2822 solum
1224 2779 1313 2841 prae-

165 2870 289 2932 sentem
320 2867 440 2931 bonum
468 2867 610 2950 corporis
645 2870 761 2930 statum
794 2867 918 2931 fontem
952 2868 1113 2932 existimat
1139 2866 1313 2950 voluptatis

164 2977 278 3061 animi,
301 2977 356 3041 sed
371 2980 404 3041 et
417 2977 560 3041 futurum
568 3026 577 3059 ,
601 2998 673 3060 spe,
697 2998 758 3059 quo
775 2977 917 3059 certiori,
941 2999 978 3041 eo
994 2979 1148 3062 majorem
1163 2979 1314 3041 atterente

163 3087 333 3170 laetitiam,
358 3073 604 3171 assequendum:
627 3089 664 3153 τὸ
680 3088 752 3165 περὶ
766 3089 882 3167 ταύτηε
897 3090 1009 3154 πιετὸν
1026 3088 1174 3168 ἕλπιεμα,
1198 3088 1314 3153 ἐλπίδα

164 3200 296 3277 ἀγαθήν.
347 3196 489 3261 Revooat
520 3195 679 3280 Epicurus
712 3196 919 3261 beatitudinis
948 3197 1108 3261 studiosos
1143 3197 1239 3260 etiam
1274 3197 1315 3260 ad

164 3308 363 3391 voluptatum
384 3306 628 3390 praeteritarum
648 3306 911 3371 recordationem.
950 3306 1000 3371 of.
1025 3305 1089 3372 Cio.
1114 3307 1152 3371 de
1174 3307 1263 3371 finib.
1286 3306 1313 3402 Ι,

165 3419 220 3501 17,
244 3418 300 3483 57:
330 3415 415 3501 „sed
444 3419 480 3480 ut
507 3415 546 3480 iis
573 3415 667 3480 bonis
695 3416 863 3500 erigimur,
894 3420 1238 3501 quaeexspectamuS,
1267 3419 1314 3482 sio

162 3527 317 3592 laetamur
344 3527 384 3590 iis
391 3577 400 3610 ,
428 3548 508 3610 quae
536 3526 777 3591 recordamur“.
830 3526 893 3590 Res
922 3526 998 3591 satis
1025 3529 1114 3610 patet
1141 3528 1314 3611 multisque

163 3637 242 3702 locis
264 3636 342 3701 haec
365 3637 524 3701 sententia
546 3637 778 3720 comprobatur.
818 3635 926 3701 Minus
949 3658 1024 3700 vero
1046 3636 1163 3720 liquet,
1185 3637 1313 3722 quibus·

162 3770 237 3812 narn
259 3747 437 3835 rationibus
459 3746 565 3810 variae
588 3747 686 3810 animi
708 3747 888 3831 voluptates
911 3746 950 3810 ad
967 3746 1109 3830 corporis
1132 3746 1312 3830 voluptates

162 3857 341 3921 referantur
362 3857 413 3920 vel
427 3878 565 3940 quonam
587 3859 682 3940 pacto
706 3864 744 3920 eir
760 3857 902 3941 corporis
925 3856 1146 3921 effectionibus
1168 3856 1312 3940 volupta·

161 3968 218 4032 riis
240 3968 397 4051 prodeant
419 3966 517 4030 animi
532 3967 664 4051 gaudia,
687 3967 859 4051 qualesque
882 3967 1018 4052 denique
1041 3967 1226 4031 affectiones
1248 3989 1314 4031 me-

163 4078 232 4142 diae
249 4077 314 4141 sint
335 4078 419 4141 inter
435 4078 577 4162 singulas
600 4077 901 4160 animi-voluptates
925 4079 957 4140 et
979 4077 1132 4161 corporis.
1178 4076 1313 4162 (Eadem

162 4190 212 4251 est
233 4187 377 4270 quaestio
401 4187 440 4252 de
456 4188 579 4269 dolore,
602 4187 635 4249 id
658 4186 742 4269 quod
764 4208 821 4269 per
844 4209 877 4251 se
898 4187 1129 4273 manifestum.)
1174 4187 1314 4251 Tantum

161 4297 413 4361 recordationem
443 4298 687 4379 praeteritarum
716 4319 867 4380 spemque
889 4298 1066 4361 futurarum
1089 4298 1229 4380 corporis
1258 4319 1312 4361 vo-
