2956 4942
673 309 882 375 „33-

229 566 232 570 .
358 481 412 565 19)
435 482 543 560 Πρὸ(
566 481 861 559 Μενὲετρατον.

289 591 410 671 Affert,
445 592 482 652 ut
510 589 590 653 mihi
619 590 745 673 quidem
774 589 913 674 videtur,
948 588 1033 653 hunc
1060 589 1177 653 librum
1205 588 1353 654 Clemens

207 701 442 765 Alexandrinus
458 701 569 764 strom.
586 699 626 782 V,
642 700 721 764 614:
745 701 912 783 Μέμνηεο,
936 701 1153 784 Μενέετρατε,
1176 701 1255 766 διότι
1277 706 1352 782 θνη-

205 813 261 876 roc
283 811 347 891 (otc
370 814 437 874 κτλ.
482 808 553 874 Vid.
577 809 711 873 Metrcd.
739 810 852 894 fragm.
876 832 962 875 num.
978 809 1043 893 III,
1071 809 1155 874 unde
1176 809 1353 893 Epicurum

83 946 84 950 ¹
119 993 130 1021 ο
205 920 436 984 Menestratum
452 919 528 983 satis
543 919 755 1004 intelligimus
771 920 897 1001 eadem,
914 923 950 984 ut
965 920 1102 1003 videtur,
1118 919 1242 984 ratione
1257 925 1353 1004 atque

207 1030 394 1094 Timarchus
416 1051 435 1092 a
457 1028 567 1093 schola
588 1029 761 1094 alienatum
784 1050 862 1094 esse.

358 1139 414 1226 20)
437 1141 536 1219 Περὶ
556 1143 623 1219 τῆς
645 1140 881 1219 Ἐπικούρου
904 1139 1133 1221 ἀῤῥωετίαε.

290 1249 387 1314 Hunc
415 1249 532 1313 librum
561 1273 579 1314 a
606 1248 752 1335 Diogene
779 1249 905 1313 Laertio
933 1249 977 1332 X,
1000 1251 1042 1313 24
1070 1254 1353 1316 commemoratum

193 1360 405 1426 'Metrodorus
427 1360 592 1444 dignitatis
607 1361 767 1445 magistri,
791 1340 920 1444 opinor,
944 1360 1159 1425 defendendae
1181 1383 1276 1427 causa
1298 1363 1352 1426 ad-

206 1493 315 1537 versus
331 1491 385 1534 eos
401 1470 608 1554 conscripsIt,
632 1471 686 1562 qui
707 1470 853 1534 affectam
869 1470 935 1553 ejus
950 1470 1165 1535 valetudinem
1181 1473 1354 1558 pessimam

207 1581 373 1666 perhibere
408 1579 587 1644 studebant.
637 1579 712 1664 Ipsa
745 1580 830 1644 enim
859 1580 958 1663 mala,
998 1580 1110 1664 quibus
1143 1581 1355 1666 philosophus
1400 1598 1402 1603 '

207 1692 381 1757 vexabatur
388 1741 397 1775 ,
420 1690 524 1755 morbi
547 1689 668 1754 scilicet
683 1690 805 1767 vesicae
827 1711 864 1754 ac
878 1691 1035 1754 viscerum
1059 1691 1286 1773 ((τραγγουρία
1303 1696 1356 1759 καὶ

207 1803 410 1882 δοεεντερικὰ
438 1801 523 1880 πάθη
553 1800 726 1890 secundum
753 1797 849 1884 Diog.
878 1800 981 1864 Laert.
1005 1799 1045 1884 X,
1070 1800 1117 1866 15.
1140 1801 1191 1865 22.
1221 1803 1258 1865 et·
1281 1801 1355 1867 Seu.

94 1922 98 1926 ’
208 1913 300 1997 epist.
316 1909 420 1976 LXVI
435 1911 491 1995 al.)
499 1960 508 1993 ,
531 1910 720 1974 adversariis
735 1931 846 1974 ansam
861 1910 981 1974 dabant
995 1914 1265 2004 commentorum,
1288 1914 1355 1995 qui-

207 2024 266 2088 bus
287 2044 363 2107 prae
386 2021 499 2086 cetens
523 2020 647 2084 Stoicos
671 2020 856 2084 excelluisse
879 2019 991 2085 Cicero
1016 2020 1055 2083 ad
1079 2019 1206 2086 Gallum
1231 2023 1355 2107 (epistt.

208 2133 247 2197 ad
269 2131 369 2197 famil.
392 2131 465 2215 VII,
481 2130 537 2217 26)
560 2131 606 2194 ita
627 2131 754 2194 scribit:
776 2151 932 2213 „quorum
955 2131 1091 2194 alterum
1113 2132 1260 2195 morbum
1282 2133 1356 2198 eda-

209 2243 314 2307 citatis
329 2243 459 2326 putant,
482 2241 617 2304 alterum
640 2240 737 2304 etiam
752 2240 903 2324 turpioris
925 2241 1231 2325 intemperantiae“.
1263 2243 1357 2319 Quod

209 2374 310 2438 genus
326 2352 510 2420 morborum
527 2350 692 2415 commode
707 2350 768 2414 sibi
789 2351 933 2415 oblatum
948 2351 1038 2415 duxlt
1052 2351 1257 2437 PlutarchuS,
1280 2353 1356 2438 Epi·

210 2485 285 2529 curo
300 2464 328 2526 is
344 2462 471 2547 quidem
493 2461 717 2544 amicissimus,
740 2460 824 2524 unde
846 2460 885 2524 ad
900 2461 1154 2525 ratiocinandum
1170 2462 1208 2526 de
1224 2483 1357 2547 corpore

209 2573 348 2638 hominis
373 2593 411 2637 ex
433 2572 556 2655 anime,
581 2575 613 2635 et
627 2572 695 2634 vice
710 2592 819 2654 versa,
842 2592 910 2635 sese
926 2571 1166 2656 sagacissimum
1180 2573 1356 2656 praeberet.

211 2683 283 2749 Vid.
296 2705 363 2747 non
377 2703 472 2767 posse
487 2703 572 2745 suav.
588 2681 649 2745 viv.
664 2679 755 2745 1089.
787 2680 939 2745 Omnium
954 2703 1028 2745 vero
1044 2681 1141 2767 longe
1157 2683 1358 2748 disertissimi

210 2794 338 2858 Aeliani
366 2792 404 2856 de
426 2791 627 2876 providentia
649 2791 765 2856 librum
793 2791 961 2876 exscripsit
983 2791 1095 2857 suidas
1118 2816 1146 2857 v.
1170 2795 1357 2874 Ἐπίκουροι

212 2902 280 2979 (ubi
302 2901 364 2966 vid.
388 2901 587 2985 Bemhardyi
609 2903 744 2986 annot).

362 3011 418 3094 21)
441 3013 674 3077 Ἐπιετολαί.
850 3000 854 3007 ’

295 3123 326 3208 a)
350 3121 517 3206 Epistulae
533 3121 573 3184 ad
588 3121 801 3186 Timocratem
818 3122 949 3186 fratrem
964 3123 1138 3188 secundum
1154 3118 1357 3190 Athenaeum

212 3230 289 3314 VII,
310 3232 374 3296 280
393 3232 438 3315 A,
461 3231 539 3314 XII,
561 3231 670 3296 5461Ἰ
697 3234 730 3295 et
751 3231 957 3297 Plutarchum
978 3255 1046 3298 non
1067 3255 1162 3318 posse
1184 3257 1270 3299 suav.
1293 3236 1354 3299 viv.

214 3341 296 3406 1098
313 3341 348 3406 O.
366 3341 403 3405 D.
433 3340 520 3426 (Vid.
544 3339 716 3405 Metrodor.
740 3341 888 3426 fragmm.
911 3365 1000 3407 num.
1016 3343 1072 3408 VI.
1089 3343 1178 3408 XIII.
1195 3344 1315 3430 XVII.)

296 3451 330 3538 b)
354 3451 520 3535 Epistulae
543 3451 583 3514 ad
605 3472 747 3516 sororem
769 3452 943 3516 secundum
960 3452 1113 3517 Senecam
1135 3454 1227 3537 epist.
1243 3453 1357 3520 XCIX.

212 3561 299 3646 (Vid.
315 3561 488 3625 Metrodor.
504 3560 617 3646 fragm.
641 3584 727 3627 num.
741 3561 795 3649 V).
840 3562 926 3638 Quae
948 3562 1009 3628 hoc
1032 3564 1101 3628 loco
1125 3564 1271 3629 laudatur
1293 3565 1358 3648 epi-

212 3672 367 3737 stularum
381 3671 499 3755 prima,
516 3693 552 3735 ea
568 3672 636 3735 sine
652 3671 746 3735 dubio
763 3672 873 3736 eadem
889 3676 938 3736 est
952 3676 1047 3757 atque
1063 3674 1154 3758 epist.
1163 3674 1301 3740 XCVIII
1317 3675 1358 3738 ci-

212 3786 295 3847 tata:
310 3781 622 3866 „Metrodorus—in
638 3803 675 3845 ea
690 3782 834 3866 epistula,
852 3805 913 3865 qua
928 3804 1069 3848 sororem
1085 3784 1202 3848 amisso
1219 3784 1359 3868 optimae

212 3893 329 3957 indolis
344 3892 410 3956 filio
427 3892 639 3976 alloquitur“.
665 3891 753 3976 (Vid.
769 3891 940 3957 Metrodor.
955 3893 1069 3979 fragm.
1085 3917 1172 3958 num.
1185 3894 1357 3980 XXVIII.)

297 4004 328 4089 c)
352 4002 501 4086 Epistula
522 4003 658 4086 incerta,
688 4002 777 4085 cujus
800 4003 1007 4068 mentionem·
1020 4005 1099 4068 facit
1121 4004 1241 4070 Seneca
1264 4004 1357 4089 epist.

212 4112 358 4177 LXXIX:
388 4111 486 4196 „Hoc
509 4112 710 4177 Metrodorus
733 4134 858 4196 quoque
880 4114 915 4177 in
937 4115 1074 4198 quadam
1101 4115 1239 4198 epistula
1261 4115 1359 4179 confi·

213 4224 332 4286 tetur“.
380 4222 465 4307 (Vid.
489 4221 661 4286 Metrodor.
684 4222 799 4307 fragm.
822 4245 909 4288 num.
925 4212 1043 4308 XXX.)
