2956 4942
610 287 819 359 „95-

142 465 250 530 laudat
276 464 493 529 Metrodorum
526 465 562 530 ἐν
595 472 641 550 τῷ
669 465 863 544 Τιμοκράτει.
919 460 1067 526 Eundem
1097 456 1287 522 Plutarchus

143 575 223 663 (non
243 596 338 659 posse
361 595 447 638 suar.
470 575 532 638 viv.
557 573 639 638 1098
659 573 702 660 Β)
726 573 862 638 edidisse
884 574 993 659 narret
1014 569 1212 650 ἀντιγραφάς
1234 566 1287 630 ad-

141 707 252 751 versus
266 685 409 766 fratrem,
433 706 527 768 quem
541 671 746 768 respondisse
768 683 918 747 discimus
941 703 958 745 e
980 679 1102 746 scholio
1119 677 1226 743 Procli
1248 676 1288 741 ad

142 795 273 860 Hesiod.
296 817 369 879 opp.
392 795 456 859 284
478 794 532 880 (cf.
548 793 709 859 Plutarch.
732 794 880 879 fragmm.
904 791 951 858 ed.
976 789 1134 858 Duebner.
1157 810 1230 877 pag.
1246 785 1288 854 22

142 928 228 970 num.
250 903 350 988 VII):
385 906 584 986 Τιμοκράτην
612 907 664 970 καὶ
692 902 915 985 Μητρόδωρον
951 906 1027 969 τοὺς
1055 903 1289 982 Ἐπικουρείου(

142 1017 305 1098 ἀδελφοὺς
339 1014 437 1081 ὄντα(
469 1015 520 1079 καὶ
547 1011 827 1096 προτκροάταντατ
861 1008 1012 1094 ἀλλήλοις
1046 1006 1195 1079 ἐκδοῦναι
1222 1008 1288 1075 κατ’

143 1128 292 1206 ἀλλήλων
321 1126 553 1206 ευγγράμματα.
602 1124 800 1189 Timocrates
827 1127 934 1189 autem
962 1127 1094 1208 propter
1121 1123 1288 1188 continuas

105 1316 107 1320 Α
143 1235 316 1301 calumnias
338 1236 377 1299 ab
392 1235 533 1320 Epicuro
553 1235 683 1299 tandem
702 1235 737 1297 in
754 1236 806 1331 jus
831 1237 961 1298 vocatus
982 1234 1016 1297 in
1031 1235 1141 1298 Asiam
1163 1235 1289 1317 elapsus

16 1415 18 1421 ,
143 1350 201 1411 est.
245 1347 291 1410 At
316 1345 405 1409 misit
431 1345 486 1409 ille
507 1347 589 1409 teste
611 1343 783 1410 Plutarcho
812 1344 895 1429 (adv.
921 1343 1024 1410 Colot.
1050 1344 1132 1409 1126
1147 1343 1187 1429 O)
1213 1346 1289 1409 τοὺ(

143 1458 328 1538 Τιμοκράτει
344 1456 635 1537 λοιδορητομένου(
651 1458 702 1521 καὶ
716 1459 773 1534 τῆ(
796 1458 952 1537 βατιλικῆ(
974 1455 1094 1523 ἐξελεῖν
1118 1453 1217 1533 αὐλῆς
1231 1452 1290 1520 τὸν

142 1566 333 1648 ἄνθρωπον,
364 1565 413 1631 ὅτι
437 1567 647 1652 Μητροδώρῳ
677 1567 912 1647 προτέκρουτεν
935 1566 1079 1645 ἀδελφά(
1102 1565 1158 1631 ὤν.
1202 1562 1291 1628 Oete⁴

143 1698 230 1760 rum,
263 1676 335 1759 quis
364 1675 461 1740 luerit
488 1676 542 1740 ille
570 1677 713 1757 βαιιλεύ(
748 1674 991 1760 (Lysimachus,
1024 1697 1065 1738 an
1094 1673 1288 1758 Seleucus?)

44 1788 47 1792 ’
143 1807 285 1870 quaeque
306 1787 326 1864 ἡ
350 1788 488 1867 βαειλική
511 1786 608 1865 αὐλή,
636 1807 703 1849 non
725 1785 840 1868 liquet,
870 1807 930 1849 nec
953 1785 1084 1848 omnino
1113 1783 1173 1848 hac
1196 1783 1291 1848 dere

144 1895 315 1980 quidquam
337 1895 472 1979 amplius
496 1895 648 1959 traditum
671 1897 728 1959 est.
766 1893 985 1958 Nihilominus
1007 1895 1153 1977 fuerunt,
1175 1895 1230 1979 qui
1244 1893 1291 1957 rei

143 2005 240 2069 finem
255 2005 419 2088 imponere
435 2005 543 2070 conati
556 2006 622 2070 sint
637 2004 851 2089 pulchriorem
867 2026 961 2088 quam
975 2004 1141 2069 veriorem.
1165 2003 1290 2088 Nempe

143 2116 251 2199 illum,
279 2137 372 2198 quem
394 2115 537 2180 instituit
558 2115 715 2200 Epicurus
737 2115 921 2178 testamenti
944 2115 1121 2194 ἐπίτροπον
1151 2115 1292 2201 (praeter

145 2224 436 2310 Amynomachum)
460 2225 689 2308 Timocratem,
712 2224 868 2289 Demetrii
883 2225 984 2289 filium
999 2224 1190 2307 Potamium,
1212 2224 1291 2288 Jon-

145 2336 209 2400 sius
244 2339 277 2399 et
303 2335 468 2399 Fabricius
502 2336 638 2400 eundem
671 2337 785 2418 putant
819 2339 912 2419 atque
945 2335 1077 2399 fratrem
1105 2334 1290 2399 Metrodori.

144 2445 247 2510 Immo
270 2467 309 2509 ex
331 2445 511 2510 Timocrate
534 2444 725 2509 Atheniensi
748 2446 914 2528 (Uorupdc
935 2447 984 2508 est
997 2467 1101 2530 pagus
1117 2444 1291 2509 Athenien-

145 2554 204 2640 sis)
220 2556 259 2620 de
276 2539 458 2620 Metrodoro
473 2555 664 2620 Atheniensi
686 2557 959 2640 argumentantur.
996 2555 1171 2638 Epicurum
1187 2558 1291 2618 autem

144 2665 358 2730 Timocratem
385 2686 494 2729 rursus
522 2664 633 2730 schola
661 2688 717 2729 sua
744 2666 902 2750 recepisse
930 2665 1099 2749 quominus
1126 2687 1191 2729 una
1219 2686 1291 2732 cum

144 2775 215 2840 istis
229 2798 279 2839 vv.
295 2777 347 2840 dd.
366 2777 546 2859 credamus,
570 2797 642 2840 cum
664 2775 760 2840 nimis
783 2775 898 2861 exigua
919 2776 1063 2840 veritatis
1085 2776 1200 2859 specie,
1223 2779 1290 2839 turn

145 2886 273 2951 silentio
295 2885 459 2951 Plutarchi
482 2889 515 2949 et
535 2885 692 2972 Diogenis
714 2885 929 2969 prohibemur.
975 2885 1092 2969 Quare,
1121 2889 1290 2969 postquam

145 2995 207 3059 duo
222 2995 418 3060 Timocrates
433 2996 564 3080 Epicuri
587 2995 760 3080 discipulos
775 2995 875 3059 firisse
893 2997 961 3079 jam
976 2995 1095 3060 dudum
1110 2994 1291 3060 Bruckerus

144 3105 219 3170 hist.
240 3106 354 3191 philos.
372 3105 388 3169 I
408 3128 480 3191 pag.
498 3106 581 3171 1250
603 3106 761 3190 exposuit,
783 3109 869 3169 recte
891 3105 961 3169 istis
976 3105 1083 3170 Jonsii
1105 3108 1138 3170 et
1153 3105 1291 3171 Fabricii

145 3215 327 3280 fictionibus
355 3216 518 3299 refutatis,
547 3216 620 3299 plus
647 3237 742 3299 quam
770 3216 885 3280 mirum
914 3216 1008 3280 nobis
1035 3215 1173 3301 videtur,
1207 3215 1292 3300 quod

145 3324 320 3390 Steinhart.
343 3326 377 3389 in
392 3323 505 3392 Erech.
523 3328 555 3390 et
571 3324 703 3390 Gruber.
720 3325 852 3409 Encycl.
869 3348 897 3390 ν.
914 3325 1060 3410 Epicur,
1083 3326 1166 3390 sicut
1180 3324 1289 3410 Pauly.

144 3433 236 3500 R.-E.
252 3457 281 3499 ν.
297 3435 435 3500 Timocr.
451 3436 513 3500 ista
535 3439 729 3519 commenta,
751 3457 826 3500 vera
847 3457 953 3500 rerum
975 3437 1097 3500 ratione
1119 3436 1216 3519 plane
1237 3457 1291 3500 ne·

144 3544 265 3630 glecta,
287 3548 445 3629 repetunt.
483 3544 545 3610 Sed
561 3546 629 3630 jam
644 3548 766 3609 certum
782 3545 939 3629 quendam
962 3546 1106 3611 ordinem
1122 3549 1291 3630 sequentes

144 3652 333 3739 Metrodori,
356 3677 436 3739 quos
459 3655 613 3738 confecit,
636 3655 735 3720 libros
757 3675 988 3720 recenseamus.

254 3841 285 3906 1.
330 3839 476 3941 Scripta
498 3841 542 3906 ad
566 3841 717 3924 Epicuri
738 3841 941 3911 doctrinam
962 3843 1176 3925 spectantia.

280 3971 316 4039 a)
334 3968 421 4025 Libri
442 3967 476 4024 in
499 3968 676 4027 universum
695 3968 733 4024 dc
750 3968 952 4038 philosophia
969 3969 1153 4038 conscripti.

298 4105 329 4188 1)
352 4105 451 4185 Περὶ
471 4108 539 4183 τῆ(
562 4104 623 4170 ἐπὶ
646 4106 793 4188 <optor
816 4107 994 4186 uocetur.

228 4214 390 4279 Laudatur
410 4213 464 4280 hic
485 4213 567 4278 liber
594 4212 730 4299 aDiog.
753 4213 858 4280 Laert.
881 4213 920 4298 X,
942 4215 993 4280 24.
1037 4215 1114 4282 Non
1135 4215 1220 4283 idem
1242 4219 1291 4281 est

143 4327 238 4408 atque
265 4323 320 4409 qui
343 4325 415 4404 περὶ
443 4325 637 4407 φιλοτοφίατ
666 4324 851 4389 inscribitur
874 4325 974 4410 (num.
991 4326 1042 4410 2),
1070 4325 1118 4390 uti
1140 4326 1290 4415 Menagio
