2956 4942
636 339 677 348 ..
720 302 846 366 34·-

170 554 222 620 ΙΙ.
261 549 423 638 Scripta,
446 572 537 636 quae
552 555 705 621 fuerunt
719 555 763 621 de
778 555 943 621 doctrina
959 574 998 622 ac
1013 556 1121 623 retus
1136 560 1319 626 sectarum

487 666 784 748 singulorumque
806 667 1003 732 hominum.

304 837 336 905 a)
355 834 457 902 Libri,
477 835 588 902 quibus
605 835 801 891 Metrodorus
820 838 920 893 sectas
938 850 1104 904 aggressus
1123 839 1182 893 est.

322 971 375 1056 12)
399 973 507 1051 Πρὸ(
528 973 624 1037 τοὺ(
646 973 816 1050 ἰατρούς.

252 1097 415 1182 Diogenes
430 1097 575 1162 Laertius
591 1097 632 1181 X,
649 1097 691 1161 24
712 1097 770 1160 tris
793 1101 948 1162 memorat
968 1097 1062 1184 hujus
1086 1102 1190 1184 operis
1209 1101 1317 1166 libros.

173 1206 307 1273 Scholae
329 1208 506 1292 Epicureae
528 1208 689 1291 principes
712 1208 807 1271 etiam
829 1231 896 1272 rem
918 1209 1074 1273 medicam
1103 1211 1142 1274 ad
1165 1211 1318 1296 dogmata

168 1340 225 1382 sua
241 1318 399 1382 studuisse
414 1339 577 1401 revocare,
600 1318 759 1381 indicibus
776 1318 998 1401 comprobatur
1013 1321 1218 1404 scriptorum,
1237 1344 1318 1405 quae

168 1428 207 1493 de
236 1428 292 1491 illa
320 1427 456 1492 edidisse
478 1428 656 1493 traduntur.
700 1430 807 1511 Atque
829 1428 1029 1494 Metrodorus
1053 1451 1125 1494 cum
1152 1431 1240 1515 ipsos
1262 1453 1316 1515 op-

166 1559 328 1623 pugnasse
350 1538 496 1602 videatur
517 1538 673 1616 medicos,
696 1538 854 1621 Epicurus
876 1560 966 1602 suam
994 1539 1032 1603 de
1054 1539 1173 1604 morbis
1201 1541 1316 1605 doctri-

166 1671 242 1712 nam
265 1648 405 1731 suscepit
427 1649 647 1732 exponendam
669 1654 703 1711 iu
725 1649 821 1731 libro,
851 1649 906 1731 qui
928 1649 990 1712 fuit
1011 1652 1083 1731 περὶ
1105 1651 1214 1717 νόεων
1238 1651 1314 1735 (vid

167 1742 262 1843 Diogss
284 1758 390 1823 Laert.
414 1758 454 1841 X,
470 1759 536 1842 28).
584 1757 663 1840 sed,
686 1758 840 1842 numquid
862 1759 1020 1823 valuerint
1041 1761 1081 1824 ad
1104 1783 1179 1825 suae
1202 1762 1315 1825 aetatis

166 1872 266 1933 artem
293 1868 498 1950 medicinam,
533 1869 560 1931 si
587 1871 679 1952 roget
702 1868 874 1953 quispiam,
904 1869 983 1933 certi
1011 1870 1093 1934 nihil
1120 1870 1315 1954 respondere

165 2000 334 2062 possumus
373 1979 434 2064 (cf.
465 1978 630 2063 Sprengel.
664 1977 808 2042 Versuch
844 1979 932 2043 einer
965 1980 1224 2064 pragmatischen
1253 1980 1314 2045 Ge·

166 2089 309 2154 schichtc
331 2089 387 2152 der
409 2088 643 2152 Arzncikunde.
680 2087 740 2152 Ed.
763 2089 974 2153 Rosenbaum.
998 2089 1014 2152 I
1036 2112 1108 2176 pag.
1132 2090 1311 2177 450).01n

165 2200 348 2264 universum
374 2199 596 2282 „medicorum
619 2199 785 2262 scientiam
806 2220 872 2263 non
894 2199 993 2282 ipsius
1016 2201 1110 2283 artis,
1134 2201 1188 2264 sed
1209 2201 1313 2264 bonae

165 2308 358 2374 valetudinis
388 2310 509 2373 causa“
540 2308 590 2393 (ut
617 2309 663 2371 ait
685 2308 752 2374 (lic.
777 2309 815 2373 de
837 2309 925 2374 finib.
949 2309 980 2393 I,
1004 2312 1059 2393 13,
1082 2309 1137 2396 42)
1166 2311 1315 2375 videntur

107 2406 110 2410 ’
165 2418 325 2504 probasse.
370 2417 420 2483 Cf.
449 2417 543 2503 Diog.
567 2418 670 2482 Laert.
694 2418 737 2502 X,
768 2420 843 2484 138:
872 2420 979 2499 dieuco
1009 2423 1066 2500 τὴν
1094 2420 1232 2500 ἰατρικὴν
1262 2422 1315 2486 διὰ

165 2534 224 2612 τὴν
247 2530 369 2607 ὑγίειαν
392 2529 590 2614 (dissicere),
614 2529 697 2608 sicut
719 2528 816 2594 Marc.
840 2530 993 2594 Antonin.
1016 2528 1072 2612 IX,
1088 2531 1139 2594 41.
1184 2529 1314 2594 Morbos

167 2640 342 2704 seminibus
365 2660 441 2702 casu
463 2639 580 2702 coortis
602 2638 709 2722 gigni,
732 2660 811 2722 quae
834 2640 899 2702 sint
913 2639 1023 2704 morbo
1045 2640 1221 2723 mortique,
1245 2639 1314 2722 qui·

165 2751 286 2834 busque
309 2771 363 2812 aer
385 2749 442 2812 fiat
463 2747 640 2832 morbidus,
664 2749 791 2813 uberius
814 2749 906 2814 docet
921 2748 1085 2814 Lucretius
1108 2749 1147 2812 de
1168 2770 1228 2812 rer.
1243 2751 1312 2812 nat.

165 2859 221 2943 VI,
247 2859 328 2923 1090
343 2880 446 2942 seqq,
469 2858 525 2921 ubi
546 2857 614 2922 vid:
632 2858 738 2923 Munr.

249 2969 390 3053 Primus,
424 2940 521 3052 quod
540 2969 652 3052 sciam,
685 2969 726 3032 ad
759 2969 1019 3053 philosophorum
1051 2969 1311 3052 atomisticorum,

164 3080 333 3164 praecipue
354 3079 583 3162 Epicureorum
610 3078 761 3163 dogmata
787 3101 854 3144 rem
881 3079 1035 3143 medicam
1057 3079 1311 3143 accommodavit

165 3190 388 3274 Asclepiades,
412 3189 553 3253 medicus
568 3188 740 3272 Bithynius
763 3189 862 3274 (circa
884 3211 910 3253 a.
936 3189 997 3251 110
1018 3191 1092 3252 ante
1116 3188 1190 3254 Chr.
1213 3191 1307 3275 nat),

165 3301 204 3364 de
232 3322 294 3384 quo
316 3299 408 3384 plura
430 3300 575 3382 exposuit
595 3298 761 3389 Isenseeus
783 3299 817 3362 in
839 3299 935 3382 libro,
965 3299 1019 3381 qui
1040 3298 1226 3362 inscribitur
1248 3297 1309 3362 Ge-

165 3409 308 3475 schichte
330 3409 386 3474 der
407 3408 562 3492 Mediam,
590 3430 662 3493 pag.
681 3410 741 3474 109
757 3430 843 3493 seqq.
869 3409 943 3494 (ubi
964 3408 1027 3472 rid.
1049 3430 1123 3493 pag.
1142 3410 1200 3472 111
1225 3407 1310 3491 ξὸ).
1412 3470 1418 3477 .

165 3521 256 3597 Quod
279 3522 402 3605 spectat
423 3519 462 3583 ad
485 3520 639 3601 rationes,
666 3519 780 3603 quibus
801 3519 993 3603 posteriores
1015 3518 1164 3602 Epicurei
1187 3517 1312 3583 scholas

163 3631 361 3716 respexerint
381 3629 576 3694 medicorum
598 3629 781 3712 empiricam
804 3633 835 3693 et
855 3628 1084 3711 methodicam,
1106 3627 1177 3691 vide
1192 3628 1311 3692 librum

163 3741 342 3806 Philodami
375 3743 448 3821 περὶ
482 3742 618 3823 cupetur
654 3741 704 3806 καὶ
733 3741 930 3819 (ημειώεεων
964 3740 999 3802 in
1026 3737 1062 3803 0.
1090 3739 1130 3803 Α.
1159 3736 1206 3803 IV
1239 3737 1308 3823 (ed.

163 3851 331 3935 Gompcrz.
354 3850 440 3933 Lips.
459 3849 550 3915 1865.
574 3849 783 3932 (1110138).

316 3987 370 4073 13)
393 3987 499 4065 Πρὸ(
521 3988 614 4052 τοὺς
637 3986 924 4051 διαλεκτικούς.

249 4113 337 4179 Citat
358 4112 443 4177 huuc
464 4111 582 4175 librum
596 4110 758 4196 Diogenes
773 4112 918 4177 Laertius
934 4111 973 4196 X,
989 4096 1040 4175 2'4.
1076 4112 1213 4188 Quinam
1234 4133 1310 4177 vero

164 4227 239 4287 sunt
261 4223 440 4287 dialectici?
464 4221 632 4307 Menagius
654 4222 716 4286 hoc
737 4224 865 4286 nomine
887 4222 1105 4286 Metrodorum
1127 4223 1228 4286 voluit
1243 4222 1310 4286 Me-

163 4334 287 4417 garicos
321 4333 506 4415 denotasse,
543 4333 627 4416 quod
655 4334 736 4396 libro
770 4332 908 4415 quodam
935 4331 1067 4415 Epicuri
1101 4332 1203 4416 (node
1231 4335 1309 4399 τοὺ(
