2956 4942
624 258 834 322 ..54-

155 429 258 514 Sing.)
286 431 361 509 aup'
388 429 497 495 αὐτῶν
524 430 711 508 τυγχάνειν,
746 427 816 492 ἀλλ’
845 427 958 494 ἐςθίειν
985 428 1035 492 καὶ
1063 428 1168 494 πίνειν
1196 427 1307 511 οἶνον,

156 543 182 604 rb
205 541 413 619 Τιμόκρατες,
436 539 584 620 ἀβλαβῶς
608 545 645 622 τῇ
666 539 776 617 γαςτρὶ
796 539 848 603 καὶ
869 539 1114 620 κεχαριςμένως·

136 748 140 755 “
240 742 484 827 Fragmentum,
507 741 592 826 quod
614 740 732 805 attinet
752 739 884 803 alteram
906 742 1043 823 purtem,
1072 740 1147 805 inde
1169 741 1209 804 ab
1231 743 1306 807 ἀλλ’

155 856 283 932 ἐςθίειν,
307 852 346 916 ad
362 852 525 936 superiora
539 851 720 936 fragmenta
738 871 824 914 num.
840 848 887 914 VI
899 889 934 897 -
945 848 1024 915 VIII
1046 853 1208 935 spectans,
1230 873 1304 935 pro-

156 967 227 1048 pter
254 965 378 1047 partem
405 962 545 1045 priorem
572 960 635 1025 huc
662 960 772 1044 retuli,
806 981 886 1044 quae
914 960 954 1024 ad
981 960 1210 1044 rempublicam
1237 982 1306 1024 non

157 1072 385 1157 capessendam
400 1071 549 1156 pertinet.
575 1070 710 1154 Reliqua
725 1069 764 1133 ad
780 1069 912 1134 candem
927 1071 1144 1153 quaestionem
1160 1073 1306 1155 spectan-

155 1183 202 1247 tia
219 1182 286 1267 jam
309 1181 491 1266 adjungam.
521 1179 594 1245 Vid.
618 1183 728 1244 notam
750 1181 865 1266 fragm.
888 1201 974 1245 num.
990 1179 1069 1244 XXI
1092 1180 1303 1264 subjunctam.

670 1358 784 1415 xv111.

307 1484 459 1551 Plutarch
481 1485 550 1550 adv.
574 1485 677 1550 Colot.
702 1485 784 1548 1127
800 1483 838 1548 Β.

239 1598 278 1662 Ἃ
307 1600 343 1663 δὲ
366 1597 586 1676 Μητρόδωρος
614 1597 649 1661 ἐν
677 1603 723 1679 τῷ
751 1595 824 1675 περὶ
846 1598 1040 1677 φιλοςοφίας
1067 1597 1304 1677 ἐξορχούμενος

38 1720 41 1725 ’
156 1709 321 1774 πολιτείαν
345 1708 525 1789 γέγραφεν,
549 1706 608 1771 ούκ
631 1707 812 1789 ᾧμηνδεῑν
834 1710 996 1785 παρεῖναι·
1021 1708 1105 1784 λέγει
1121 1709 1157 1772 δέ
1172 1708 1221 1773 ὅτι
1237 1716 1304 1775 τῶν

156 1824 270 1899 ςοφῶν
298 1837 382 1885 τινες
410 1816 474 1882 ὑπὸ
504 1816 671 1896 δαψιλείας
698 1817 805 1896 τύφου
840 1815 926 1881 οὕτω
954 1820 1060 1883 καλῶς
1088 1820 1237 1884 ςυνεῖδον
1265 1821 1304 1883 τὸ

109 1934 112 1939 ’
156 1928 254 2008 ἔργον
283 1927 380 2006 αὐτῆς
388 1977 397 2010 ,
436 1927 509 1993 ὥςτ’
537 1925 681 2006 οἴχονται
708 1925 884 2006 φερόμενοι
917 1928 999 2006 πρὸς
1027 1929 1083 1992 τὰς
1116 1926 1216 1991 αὐτὰς
1243 1927 1303 1992 Λυ-

156 2037 284 2123 κούργῳ
306 2037 357 2102 καί
379 2037 501 2102 (όλωνι
523 2036 687 2118 ἐπιθυμίας
709 2039 790 2101 κατὰ
811 2037 887 2101 τοὺς
914 2038 986 2116 περὶ
1008 2038 1087 2118 βίων
1109 2037 1228 2114 λόγους
1251 2039 1305 2102 καὶ

157 2147 280 2227 ἀρετῆς.

240 2297 348 2362 Reisk.
372 2301 535 2384 ςυνεῑδον,
558 2296 724 2382 Wyttenb.
747 2299 884 2366 ἐνεῖδον.

682 2476 770 2532 ΧΙΧ.

310 2601 471 2667 Plutarch.
495 2603 562 2667 adv.
585 2603 688 2669 Colat.
715 2607 795 2669 1127
812 2605 846 2671 (l.

244 2714 301 2780 Kal
323 2717 484 2795 λοιδορῶν
500 2714 519 2779 δ
537 2715 756 2794 Μητρόδωρος
779 2715 918 2794 ἐπιλέγει
933 2720 1000 2784 τοῖς
1023 2717 1214 2801 εἰρημένοις·
1237 2725 1303 2791 Διὸ

157 2825 206 2888 καὶ
234 2826 340 2888 καλῶς
363 2822 430 2903 ἔχει
452 2825 509 2890 τὸν
532 2825 704 2904 ἐλεύθερον
727 2825 772 2892 ὡς
794 2826 922 2907 ἀληθῶς
950 2831 1076 2905 γέλωτα
1097 2833 1227 2910 γελάςαι
1249 2835 1303 2900 ἐπί

156 2954 189 2998 τε
218 2933 257 3012 δὴ
286 2935 379 2999 πᾶςιν
408 2932 592 3013 ἀνθρώποις
620 2936 672 3000 καὶ
700 2935 751 3001 ἐπὶ
778 2940 846 3002 τοῑς
874 2938 1070 3019 Λυκούργοις
1097 2942 1224 3009 τούτοις
1251 2947 1304 3010 καὶ

156 3042 306 3109 (όλυιςιν.

240 3193 311 3259 Ηοο
333 3195 550 3281 fragmentum
572 3199 668 3262 etiam
689 3199 773 3282 apud
789 3199 1007 3266 Metrodorum
1029 3203 1142 3288 nullis,
1165 3208 1202 3270 ut
1215 3205 1300 3272 vide·

155 3307 222 3389 tur,
244 3304 349 3394 verbis
368 3305 563 3393 interjectis,
586 3308 712 3392 excepit
733 3309 934 3375 antecedens.

679 3486 751 3540 XX.

307 3607 467 3674 Plutarch.
492 3609 560 3673 adv.
585 3610 687 3676 Colot.
714 3612 796 3678 1125
812 3613 846 3679 Ο.

232 3720 337 3785 ,Ἀλλὰ
357 3720 441 3785 τίνες
464 3719 539 3787 είςλν
563 3722 593 3787 οἱ
614 3728 713 3788 ταῦτα
735 3726 923 3804 ςυγχέοντες
946 3726 995 3790 καὶ
1014 3728 1229 3797 καταλύοντες
1251 3733 1303 3797 καὶ

155 3828 256 3909 ἄρδην
284 3829 509 3912 ἀναιροῦντες,
546 3831 606 3911 ούχ
635 3834 666 3897 οἱ
694 3835 856 3901 πολιτείας
887 3835 1077 3917 ἀφιςτιίντες
1104 3841 1222 3906 αύτούς
1250 3845 1303 3908 καὶ

154 3940 230 4005 τοὺς
252 3940 499 4023 πληςιάῑοντας;
528 3941 589 4020 οὐχ
616 3940 648 4007 οἱ
669 3945 727 4010 τὸν
750 3949 805 4023 τῆς
828 3945 997 4023 ἀταραξίας
1019 3947 1182 4029 ςτέφανον
1204 3949 1301 4033 ἀςύμ-

94 4126 97 4131 p
155 4052 274 4131 βλητον
306 4048 389 4116 είναι
419 4053 490 4115 ταῖς
525 4052 674 4131 μεγάλαις
707 4054 887 4133 ἡγεμονίαις
915 4056 1082 4138 λέγοντας
1116 4058 1177 4138 ούχ
1204 4060 1236 4125 οἱ
1261 4064 1301 4126 τὸ

155 4158 329 4239 βαςιλεύειν
351 4159 506 4239 ἁμαρτίαν
526 4162 578 4225 καὶ
593 4163 765 4229 διάπτωςιν
787 4164 1028 4246 ἀποφαίνοντες
1051 4168 1103 4232 καὶ
1116 4170 1301 4250 γράφοντες

154 4267 265 4333 αὐταῖς
294 4269 426 4337 λέξεςιν·
465 4269 571 4346 λέγειν
598 4275 645 4336 δεῖ
672 4278 742 4339 πῶς
772 4272 851 4361 [τις]
881 4274 991 4356 ἄριςτα
1019 4279 1056 4344 τὸ
1086 4282 1140 4358 τῆς
1170 4281 1300 4361 φύςεως
