2956 4942
667 289 878 352 ..46-

198 460 280 524 ἔετιν
307 460 337 535 γ’
365 459 476 538 ἄρτιοε
505 457 595 523 codd.
624 457 755 541 optimis
783 457 919 541 probata
946 457 1026 521 mihi
1053 458 1177 541 arrisit,
1211 461 1350 543 praetuli

197 572 305 632 tamen
319 569 380 648 γάρ
396 591 442 634 τιε
464 590 534 632 cum
551 567 866 653 Schweighaeuscm,
889 567 1037 632 Fickerto
1054 568 1187 653 aliisque
1209 569 1348 634 Senecae

199 682 325 743 secutus
340 679 647 762 interpretationem.
671 677 758 752 Quae
768 680 891 741 resta-nt
906 678 1102 742 enucleanda
1119 681 1181 744 ΑΙΚ
1196 681 1349 746 ΥΓΓΗ(Ο

198 789 357 872 ΥΠΕΙΝ,
379 788 418 851 iis
432 788 529 852 verba
545 786 855 871 comprehenduntur
877 809 897 850 a
912 787 1032 852 Seneca
1054 787 1183 872 obliqua
1204 789 1349 852 oratione

199 894 310 962 allata:
334 901 504 982 cognatam
518 897 684 979 tristitiae,
700 896 783 961 hanc
799 919 867 961 esse
883 896 1082 980 captandam.
1112 896 1177 981 (of.
1194 898 1348 962 directam
1401 934 1404 939 ,

176 996 377 1071 'orationem
400 1007 502 1092 ξῖύ).
525 996 716 1071 ’ύρτίύιιιιιι
739 1008 992 1091 conjecturarum
1015 1006 1094 1070 mihi
1114 1007 1254 1090 pessima
1278 1029 1347 1071 esse

199 1117 324 1180 videtur
346 1115 654 1201 Schweighaeuseri,
683 1119 757 1180 ante
779 1117 881 1196 ἡδονή
904 1118 1049 1181 lacunam
1072 1117 1257 1200 statuentia,
1279 1139 1347 1180 ver-

200 1228 250 1290 bis
273 1228 357 1310 λύπῃ
380 1230 535 1306 ευγγενήε
556 1225 751 1308 replendam.
798 1226 890 1301 Quod
912 1227 1011 1290 miror
1025 1226 1209 1290 Fickertum
1231 1246 1346 1310 appro-

200 1338 307 1419 basse,
331 1337 535 1419 praesertim,
558 1357 697 1418 cumea,
721 1358 800 1418 quae
822 1337 906 1399 inter
927 1338 1030 1416 ἡδονή
1047 1339 1079 1400 et
1093 1338 1172 1401 κατά
1186 1322 1347 1421 leguntur,

200 1446 324 1510 duobus
346 1445 451 1509 verbis
473 1448 513 1524 ἣν
536 1449 719 1526 κυνηγετεῖν
743 1446 917 1529 exprimere
941 1446 1024 1509 velit.
1068 1445 1149 1509 Mihi
1171 1446 1277 1510 locum
1300 1467 1347 1510 re

199 1556 348 1620 sarcienti
371 1555 412 1618 ob
436 1555 545 1618 oculos
567 1556 775 1619 versabantur
796 1556 921 1619 litterae
943 1556 1097 1640 reliquae,
1121 1576 1198 1639 quas
1218 1556 1346 1639 potissi-

199 1688 286 1734 mum
303 1669 428 1730 secutus
444 1664 627 1748 neutiquam
651 1666 780 1748 opinor,
803 1687 853 1728 me
869 1687 955 1728 mera
968 1665 1134 1729 refinxisse
1154 1669 1345 1730 commenta.
1440 1736 1444 1745 ¹

200 1776 270 1851 Qua
297 1798 372 1840 usus
395 1797 466 1839 sum
487 1773 650 1838 reficiendi
672 1775 811 1856 ratione,
840 1796 909 1837 eam
931 1776 1161 1858 propemodum
1184 1776 1272 1858 ipsae
1294 1775 1346 1839 lit-

198 1889 284 1950 terae
311 1886 532 1969 postulabant,
561 1884 593 1947 id
615 1884 700 1969 quod
727 1885 865 1948 maxime
886 1885 1026 1969 patebit,
1054 1887 1080 1948 si
1103 1887 1250 1950 restituta
1271 1885 1347 1950 sub-

203 1997 358 2079 scripsero
380 1993 600 2059 restituendis:

366 2115 428 2179 ΑΙΚ
587 2114 638 2178 ΥΓ
641 2116 660 2179 Γ
710 2114 786 2178 ΗΕΟ
865 2115 920 2179 ΥΤ
1100 2116 1185 2181 ΤΕΙΝ

336 2198 995 2283 ΤΗΙΛΥΠΗ(Ι)(ΥΓΓΕΝΗ(ΘΗΡΕΥΤΕΟΝ
1020 2201 1181 2265 ΤΑΥΤΗΝ

199 2325 293 2391 Unde
315 2326 432 2408 elucet,
461 2324 574 2389 similis
597 2325 805 2409 aequalesque
832 2325 955 2389 litteras
982 2326 1017 2388 in
1038 2348 1137 2390 unum
1166 2328 1347 2390 contractas

199 2457 281 2500 esse:
310 2437 423 2502 ΥΠΗ(
445 2467 487 2488 =
508 2436 690 2519 ΥΓΓ-Η(,
713 2436 868 2500 ΕΥΤΕΟΝ
891 2465 934 2491 --
955 2437 1102 2520 ΑΥΤΗΝ,
1125 2436 1227 2501 oculis
1249 2436 1346 2500 libra·

168 2629 172 2634 1
197 2547 317 2610 riorum
347 2546 475 2610 inscitia
501 2545 648 2613 turbatis.
699 2545 791 2620 Quod
814 2547 937 2629 spectat
964 2545 1003 2608 ad
1031 2548 1221 2632 θηρευτέον,
1250 2545 1346 2610 Dale-

198 2655 363 2739 champius
385 2655 522 2720 correxit
541 2657 743 2737 ΖΗΤΗΤΕΗ,
765 2655 865 2739 quod,
889 2656 1031 2739 quamvis
1052 2657 1160 2721 multis
1181 2657 1346 2740 placuerit,

197 2769 328 2850 propter
349 2765 505 2828 minorem
528 2764 705 2829 litterarum
727 2769 917 2829 concentum
938 2766 1087 2850 amplecti
1109 2767 1208 2832 nolui.
1253 2766 1347 2831 Prae-

197 2880 284 2969 terea
307 2876 337 2939 vi
358 2875 393 2938 in
420 2875 516 2939 verbo
539 2875 689 2958 captandi
710 2875 816 2960 posita
836 2876 1089 2960 impersonaliter
1112 2879 1183 2945 ·έον
1206 2877 1347 2942 scriben-

197 2986 273 3049 dum
301 2985 421 3070 putavi.
477 2984 622 3070 Imagine
650 2985 736 3050 haud
770 2985 922 3050 inusitata
950 2989 1096 3068 θηρεύειν
1131 2986 1216 3051 idem
1250 2988 1345 3071 valet,
1413 2971 1419 2977 ⁸

198 3095 282 3180 quod
312 3096 420 3160 venari
453 3119 508 3161 seu
536 3117 695 3180 quaerere.
747 3096 796 3162 Of.
819 3096 949 3181 Epicur.
977 3097 1123 3183 fragmm.
1152 3097 1190 3162 de
1217 3100 1284 3162 nat.
1312 3097 1347 3161 in

198 3206 233 3271 Ο.
256 3205 291 3269 P.
312 3204 343 3269 X
366 3206 425 3270 col.
449 3207 504 3271 27:
533 3208 678 3287 θηρεύειν
700 3209 758 3287 τὴν
781 3207 893 3288 ἀρχήν.
937 3207 1069 3272 Isocrat.
1093 3208 1133 3271 ad
1153 3206 1288 3272 Damon.
1310 3209 1349 3287 52,

197 3318 254 3381 τὰ(
268 3317 389 3394 ἡδονὰτ
406 3318 566 3400 θηρεύειν,
590 3319 679 3401 cujus
702 3317 828 3401 generis
850 3317 943 3401 plura
964 3318 1036 3382 vide
1058 3318 1141 3402 apud
1156 3316 1345 3383 Boissonad.

197 3427 237 3491 ad
259 3425 410 3490 Philostr.
433 3425 560 3491 Heroic.
583 3449 657 3512 pag.
673 3427 734 3491 608
758 3431 790 3491 et
813 3425 850 3491 0.
867 3428 906 3492 G.
922 3427 1033 3494 Jacob.
1057 3431 1190 3512 quaestt.
1213 3427 1345 3492 Lucian.

198 3558 266 3620 cap.
284 3536 309 3600 Ι.
445 3554 448 3562 ’

281 3646 433 3712 Declarat
461 3647 523 3712 hoc
553 3649 722 3713 enunciato
745 3647 961 3733 Metrodorus,
991 3650 1189 3734 voluptatem
1216 3649 1251 3713 in
1278 3649 1348 3733 ipsa

197 3758 328 3822 tristitia
350 3758 519 3838 latentem,
543 3758 633 3842 eique
655 3759 734 3822 adeo
758 3762 929 3844 cognatam
950 3760 1092 3843 reperiri.
1123 3759 1223 3825 Nulla
1238 3762 1348 3843 potest

198 3867 334 3953 cogitari
348 3868 493 3952 tristitia,
516 3869 580 3932 nisi
602 3869 654 3933 cui
676 3869 807 3952 aliquod
821 3870 995 3954 voluptatis
1016 3873 1212 3935 momentum
1235 3869 1278 3934 sit
1299 3869 1346 3932 in-

197 3981 317 4042 natum.
361 3977 450 4064 Ergo
478 3978 567 4042 illam
595 3981 722 4063 captare
750 3981 946 4064 voluptatem
974 4002 1040 4045 non
1069 3984 1117 4045 est
1144 3981 1229 4045 idem
1250 3982 1346 4062 atque

198 4089 325 4153 aliunde
354 4111 503 4172 quaerere
536 4089 684 4153 tristitiae
712 4090 901 4169 remedium,
936 4091 963 4154 si
994 4092 1076 4156 forte
1105 4091 1266 4155 minuatur
1296 4091 1348 4155 vel

198 4195 419 4283 compensetur
442 4220 513 4263 cum
535 4198 657 4263 laetitia
679 4200 780 4264 dolor.
818 4199 866 4266 of.
891 4201 1011 4265 dictum
1026 4201 1157 4284 Epicuri
1180 4224 1230 4286 ap.
1249 4199 1346 4286 Diog.

197 4308 300 4373 Lacrt.
325 4309 370 4392 X,
392 4310 434 4372 22
458 4308 542 4393 (Cic.
567 4310 605 4373 de
627 4310 714 4375 finib.
737 4310 780 4394 ll,
803 4311 881 4395 30):
904 4313 1190 4390 ἀντιπαρετάττετο
1213 4315 1248 4378 δὲ
1271 4316 1347 4379 πᾶει
