2956 4942
611 271 841 335 ’-64-

246 441 403 526 Epicurus
426 443 459 506 et
480 440 683 505 Metrodorus
706 439 781 523 quid
804 438 865 503 sibi
887 438 939 503 hic
962 439 1134 524 volueriut,
1164 460 1241 505 cave
1261 463 1328 504 se-·

163 574 218 616 cus
240 551 394 636 dijudices
410 549 572 615 Bruckero
595 550 790 634 assentiens,
815 549 887 613 illos
903 550 1063 634 principes
1086 550 1212 616 scholae
1234 573 1309 614 suae

161 662 320 745 principia
335 662 503 725 denotasse
519 661 605 746 (pag.
624 661 729 738 1234).
766 658 869 724 Immo
886 681 958 723 cum
974 660 1149 744 Epicureos
1172 661 1308 744 aequali-

162 772 221 836 bus
236 770 436 854 philosophis
451 792 580 854 prorsus
595 770 693 835 fuisse
708 770 837 854 ignotos
853 769 987 854 cogitari
1001 773 1147 854 nequeat,
1168 770 1310 855 quando·

163 881 290 965 quidem
305 880 365 945 hos
381 881 422 944 ab
437 880 501 944 illis
517 882 720 944 vehementer
735 883 864 944 vexatos
881 902 965 962 esse,
981 883 1031 943 sat
1045 883 1095 944 est
1109 880 1309 964 exploratum

162 991 418 1073 testimoniisque
441 991 677 1073 confirmatum,
708 990 802 1053 eliam
824 989 1060 1074 ignobilitatem
1082 990 1220 1074 intelligi
1242 1011 1309 1054 non

164 1102 254 1185 licet,
282 1101 344 1165 nisi
367 1101 554 1184 popularem
577 1099 748 1183 (Epicurus
771 1100 870 1184 igitur
892 1101 1064 1182 εἰρωνικῶς
1086 1099 1145 1164 ait:
1174 1100 1231 1164 illa
1252 1121 1309 1164 no-

165 1211 236 1275 bilis
253 1210 409 1294 Graecia).
447 1212 492 1272 At
513 1210 687 1292 Epicurus,
711 1210 911 1274 nobilitatem
935 1231 1103 1292 spernens,
1125 1209 1230 1273 noluit
1251 1231 1310 1293 pro

151 1321 282 1405 ,populo
312 1320 496 1384 concionari
530 1323 563 1383 et
590 1341 670 1402 quae
702 1320 849 1399 sentiret,
884 1319 1080 1402 perscribere
1107 1319 1220 1383 maluit
1247 1321 1309 1404 (cf.

158 1431 380 1516 =D10g.Laert.
402 1429 447 1511 X,
470 1430 529 1506 119
545 1451 609 1512 seq.
623 1432 651 1513 1)
658 1478 667 1510 ,
690 1450 829 1512 namque
851 1429 1014 1512 praecepit
1035 1429 1115 1492 illud
1137 1431 1213 1495 λάθε
1237 1432 1310 1510 βιώ-

163 1563 226 1607 (ατ.
257 1539 330 1605 Vid.
346 1539 507 1605 Plutarch.
531 1539 570 1602 de
591 1539 647 1602 lat.
664 1539 724 1602 viv.
737 1542 771 1620 ²).
815 1538 888 1602 Huc
910 1538 1047 1622 accedit,
1069 1539 1153 1622 quod
1168 1539 1309 1622 Epicuro

163 1651 235 1715 vivo
259 1650 395 1734 populus
418 1649 512 1712 rebus
527 1648 663 1732 publicis
685 1648 776 1712 valde
799 1649 990 1713 turbulentis
1013 1649 1053 1712 ad
1074 1649 1144 1731 ipsa
1165 1652 1311 1732 tempora

163 1760 349 1844 diligentius
377 1758 575 1822 observanda
604 1758 799 1843 adigebatur.
843 1757 912 1822 Nec
940 1759 1082 1841 queritur
1108 1758 1310 1823 Metrodorus

164 1870 202 1933 de
224 1869 442 1954 ignobilitate,
466 1868 521 1932 sed
543 1869 649 1952 potius
673 1869 711 1931 de
734 1889 787 1950 eo,
811 1868 894 1950 quod
917 1889 983 1931 non
1005 1868 1051 1932 ita
1071 1869 1163 1933 multi
1178 1867 1310 1952 Epicuri

163 1979 323 2042 rationem
352 1979 479 2042 vivendi
501 2000 611 2042 revera
633 1978 833 2063 gloriandum
856 1978 956 2041 secuti
979 1978 1057 2062 sint,
1085 1978 1179 2042 rebus
1207 1979 1310 2062 publi-

164 2090 209 2154 us
231 2089 389 2172 uisatur,
411 2088 557 2172 idemque
573 2089 704 2172 Epicuri
727 2087 943 2172 cognitionem
965 2069 1163 2172 temporibus
1185 2089 1224 2152 au
1239 2089 1310 2172 phi-

164 2199 343 2283 losophiam
365 2200 468 2283 magis
490 2199 658 2283 propensis
680 2198 907 2262 accuratiorem
928 2197 998 2262 fore
1020 2199 1184 2281 praedicit.

675 2376 793 2432 xxxl.

315 2504 475 2569 Plutarch.
498 2526 565 2568 uon
586 2526 681 2588 posse
704 2526 789 2569 suav.
811 2504 872 2568 viv.
897 2504 981 2570 1094
994 2504 1032 2570 E.

249 2617 329 2696 Περὶ
344 2619 379 2681 δὲ
397 2621 451 2695 τῆ(
473 2616 627 2695 ἱετορίαε,
649 2614 704 2680 ἵνα
719 2618 777 2694 τὴν
793 2615 895 2694 ἄλλην
918 2615 1073 2694 ἀνηκοΐαν
1088 2616 1187 2700 ἐάεω,
1209 2638 1311 2699 παρα-

167 2728 300 2807 θήεομαι
322 2727 406 2807 μόνα
433 2727 473 2791 τὰ
496 2726 734 2808 Μητροδώρου,
765 2726 951 2806 γράφοντος
973 2727 1009 2792 ἐν
1030 2730 1098 2791 roi(
1119 2728 1193 2805 περὶ
1219 2749 1311 2807 ποιη-

165 2837 289 2916 μάτων·
312 2836 410 2902 Ὅθεν
426 2837 505 2916 μηδὲ
520 2835 637 2900 εἰδέναι
652 2836 784 2914 φάεκων
793 2886 801 2918 ,
824 2836 903 2916 μετὰ
917 2837 1067 2915 ποτέρων
1083 2837 1123 2916 ἦν
1144 2837 1163 2900 ὁ
1178 2839 1310 2916 Ἕκτωρ,

164 2947 183 3024 ἢ
205 2948 282 3011 τοὺ(
304 2947 454 3025 πρώτους
478 2946 603 3024 (τίχουε
626 2948 681 3023 τῆ(
700 2945 842 3025 Ὁμήρου
863 2947 1036 3030 ποιήεεωε,
1058 2943 1192 3024 ἢπὰλιν
1212 2949 1253 3012 τὰ
1274 2949 1311 3012 ἐν

167 3058 267 3141 νέαν,
291 3057 330 3136 μὴ
353 3056 517 3141 restitut·

249 3257 336 3332 Quae
364 3259 404 3321 ad
432 3257 463 3322 h.
493 3259 512 3322 l.
542 3259 720 3342 annotab0,
753 3281 791 3324 ea
820 3260 914 3323 simul
939 3259 979 3323 ad
1008 3260 1130 3344 scripti.
1160 3283 1247 3325 num.
1272 3263 1312 3324 10

164 3369 266 3432 relata
287 3368 370 3433 volo.
415 3368 468 3431 Ab
490 3368 630 3451 Epicuro
652 3369 812 3452 principe,
839 3370 893 3452 qui
921 3370 1024 3433 solum
1054 3369 1161 3454 ajebat
1188 3371 1312 3454 sapien-

162 3482 228 3542 tam
251 3478 289 3542 de
311 3478 432 3542 musica
454 3481 486 3543 et
506 3480 596 3562 poesi
618 3482 705 3544 recte
723 3479 866 3563 judicare
888 3500 981 3562 posse
1010 3479 1121 3564 (Diog.
1144 3479 1247 3545 Laert.
1270 3480 1311 3563 X,

165 3589 255 3673 121),
285 3588 324 3651 de
347 3591 416 3672 ipsa
438 3589 528 3672 poesi
550 3589 634 3653 intm
657 3588 829 3672 discipulos
857 3588 935 3652 haec
957 3589 1066 3672 opinio
1089 3589 1312 3674 divulgabatur

163 3699 268 3763 verbis
292 3720 386 3782 quam
401 3699 602 3782 paucissimis
624 3721 772 3784 expressa
787 3697 896 3783 (Diog.
912 3697 1016 3763 Laert.
1033 3700 1053 3763 l.
1070 3701 1128 3786 c.):
1150 3701 1313 3781 ποιήματά

32 3989 36 3995 ·
149 3996 151 4000 ⁴
232 3973 254 4039 ν)
277 3969 388 4038 Epicur.
411 3987 456 4039 ap.
480 3971 542 4026 Sen.
565 3972 646 4040 epist.
669 3969 771 4025 XXIX:
795 3987 937 4037 nunquam
960 3971 1038 4026 volui
1061 3971 1167 4040 populo
1190 3972 1312 4040 placere,

163 4071 323 4150 nam-quae
343 4070 395 4124 ego
413 4057 483 4122 scio,
510 4072 566 4110 non
589 4057 693 4124 probat
714 4056 847 4125 populus;
874 4073 947 4123 quae
974 4057 1078 4125 probat
1098 4058 1232 4126 populus,
1259 4073 1312 4125 ego

163 4156 265 4194 nesc1o.

208 4210 253 4293 '¹)
275 4224 386 4294 Epicur.
405 4242 450 4293 ap.
468 4225 550 4293 Diog.
567 4225 658 4280 Laert.
677 4224 717 4291 X,
737 4231 785 4280 120
802 4225 853 4280 in:
875 4228 1001 4282 εὐδοξία(
1023 4228 1069 4281 ἐπὶ
1088 4231 1226 4282 τοιοῦτον
1245 4243 1312 4294 προ-

163 4311 310 4379 νοὴτετθοι
328 4310 518 4378 (sapientem),
539 4312 586 4378 ἐφ’
603 4314 669 4365 dccv
688 4313 724 4378 μὴ
743 4313 1012 4378 καταφρονήεεεθαι.
