2956 4942
600 284 870 381 4-cs-

196 456 240 520 eis
273 455 516 538 contendamus,
545 454 628 537 quod
651 453 840 518 Plutarchus
867 454 927 518 hoc
955 454 1025 537 ipso
1054 453 1125 516 loco
1155 454 1278 535 narrat,
1308 455 1341 516 et

194 567 299 649 ipsum
321 565 494 649 Epicurum
523 566 656 648 longum
685 587 741 647 per
767 567 893 648 tempus
922 585 955 627 se
977 563 1155 647 professum
1186 583 1255 647 esse
1277 562 1339 626 De·

195 676 396 757 mocriteum,
418 677 451 738 et
471 677 551 737 teste
567 674 707 738 Leonteo
725 674 941 739 Democritum
964 675 998 737 in
1021 672 1175 756 singulari
1190 672 1340 737 hahuisse

194 785 325 850 honore.
370 783 472 859 Quam
494 785 535 848 ob
558 806 699 864 causam,
723 785 783 848 etsi
805 787 916 868 postea
935 784 1091 867 Epicurus
1114 784 1179 847 suis
1201 784 1340 867 propriis
1409 836 1412 841 .

194 895 441 979 philosophandi
468 894 644 958 rationibus
673 916 747 957 usus
775 897 837 975 est,
866 895 950 978 quod
979 893 1105 976 quidem
1134 893 1173 956 ad
1202 892 1340 958 ethicam

193 1006 348 1088 pertinet,
378 1007 467 1088 (nam
494 1004 529 1066 in
551 1003 691 1087 physicis
714 1025 780 1067 non
808 1005 853 1067 ita
875 1006 971 1088 longe
996 1004 1156 1087 dis'cessit3
1186 1003 1247 1068 vid.
1272 1001 1338 1068 Cio.

195 1114 233 1178 de
255 1117 320 1178 nat.
345 1115 429 1178 deor.
453 1113 479 1195 Ι,
497 1114 547 1195 26,
565 1115 604 1178 73
620 1114 675 1195 al,
700 1113 739 1176 de
760 1097 851 1177 finibss
871 1109 896 1196 I,
912 1114 948 1193 c,
967 1115 1004 1177 17
1021 1116 1123 1199 seqq.)
1151 1115 1340 1198 scriptisque

195 1224 345 1308 dogmata
376 1224 549 1287 Abderitae
585 1224 704 1306 pariter
737 1225 937 1308 impugnavit
969 1245 1005 1287 ac
1039 1223 1240 1287 Metrodorus
1278 1224 1338 1309 (cf.

195 1335 317 1417 scriptt.
334 1356 420 1398 num.
439 1333 508 1418 15),
532 1337 639 1397 tamen
661 1357 728 1397 non
751 1337 813 1416 est,
837 1334 921 1417 quod
943 1334 1020 1397 istas
1044 1334 1217 1396 calumnias
1240 1337 1272 1397 et
1287 1334 1338 1398 de·
1380 1408 1383 1413 ,

194 1445 398 1508 tractationes
421 1444 585 1525 ridiculas,
609 1443 722 1526 quibus
738 1443 957 1507 Democritum
972 1443 1130 1529 Epicurus
1152 1445 1340 1527 cumulasse,

192 1557 272 1618 teste
293 1553 387 1638 Diog.
409 1553 513 1617 Laert.
537 1553 612 1637 X,8
635 1554 830 1617 adversarios
853 1553 1055 1618 vehementer
1077 1554 1268 1637 repellente,
1291 1556 1338 1619 in-

193 1664 357 1727 simulatus
380 1666 444 1747 est,
466 1686 525 1747 pro
547 1664 630 1727 veris
652 1664 833 1728 habeamus
851 1682 853 1687 '

277 1773 408 1838 Praeter
430 1773 495 1839 oie.
519 1773 558 1837 de
579 1777 644 1838 nat.
668 1774 752 1837 deor.
777 1773 807 1855 I,
830 1773 871 1837 26
901 1774 1045 1837 conferas
1067 1773 1199 1857 Epicuri
1221 1775 1339 1859 gloria-

191 1885 328 1967 tionem,
352 1907 385 1948 se
403 1885 674 1949 αὐτοδιδάεκαλον
698 1885 779 1950 εἶναι
796 1887 847 1948 καὶ
861 1887 1010 1964 αὐτοφυῆ
1026 1885 1211 1965 φιλόωφον
1236 1883 1337 1967 (Sext.

192 1994 314 2077 Empir.
344 1994 412 2058 adv.
441 1993 540 2057 math.
568 2016 710 2077 prooem.
743 1996 798 2079 13)
829 1993 995 2077 ipsumque
1023 1994 1084 2057 sibi
1112 1993 1225 2058 fecisse
1253 1995 1339 2059 viam

124 2101 125 2105 ’
194 2105 263 2167 sine
285 2104 380 2167 ullius
402 2104 560 2187 adjutorio
583 2102 670 2185 (Son.
685 2104 783 2187 epist.
806 2103 895 2190 LII),
918 2104 950 2166 id
972 2104 1054 2187 quod
1077 2103 1117 2167 ad
1139 2103 1276 2167 ethicam
1299 2105 1339 2169 ab

192 2236 229 2278 eo
244 2204 442 2297 propositam
458 2214 548 2296 eique
564 2214 760 2277 carissimam
775 2214 910 2277 maxime
926 2213 1134 2278 referendum.
1169 2213 1339 2278 Praeterea

191 2345 251 2388 nec
273 2324 438 2387 Lucretius
462 2324 680 2388 Democritum
708 2324 787 2388 locis
814 2323 922 2387 multis
950 2322 1169 2407 oppugnatum
1196 2335 1338 2407 unquam

77 2419 84 2432 ’
191 2435 365 2497 insolentet
387 2433 591 2517 reprehendit
613 2434 667 2518 (os.
691 2434 750 2517 ΙΙΙ,
773 2434 851 2498 372:
873 2432 1070 2515 „Democriti
1093 2434 1177 2516 quod
1200 2437 1338 2499 sancta

192 2545 251 2607 viri
282 2544 440 2607 sententia
467 2544 658 2628 ponit“)⁷),
693 2565 752 2612 nec
780 2544 814 2606 in
841 2543 905 2606 illis
934 2543 1165 2626 Epicureorum
1199 2545 1336 2628 scriptia,

192 2676 271 2736 quae
300 2653 525 2718 Voluminibus
559 2653 851 2717 Herculanensibus
884 2654 1103 2736 continentur,
1138 2652 1216 2736 ulla,
1252 2655 1337 2738 quod

192 2764 306 2844 sciam,
329 2763 501 2827 Abderitae
518 2764 707 2847 vituperatio
731 2763 976 2847 deprehenditur
994 2785 1049 2827 ore
1071 2763 1249 2846 impudenti
1263 2786 1336 2847 pro-

190 2872 346 2937 nuntiata.
391 2872 452 2938 Sed
474 2873 553 2937 haec
574 2873 737 2937 hactenus.

259 3114 286 3179 ν)
304 3111 463 3164 Lucretium
486 3111 557 3164 adeo
576 3110 741 3178 magistrum
759 3111 866 3178 pietate
891 3127 959 3179 erga
976 3111 1168 3164 Democritum
1190 3128 1336 3179 superasse

191 3196 344 3248 arbitratur
366 3196 465 3249 Munro
488 3195 524 3248 ad
547 3195 599 3261 lll,
625 3203 689 3249 1039
702 3212 772 3261 seq.:
798 3193 897 3260 „Lucu
921 3196 959 3262 by
980 3195 1094 3263 placing
1116 3195 1244 3249 Democr.
1267 3196 1335 3250 here

191 3280 284 3332 would
303 3287 378 3332 seem
399 3281 429 3333 to
448 3279 512 3347 give
531 3280 589 3332 him
607 3279 677 3332 rank
695 3280 763 3332 next
780 3280 810 3332 to
828 3279 918 3348 Epic:
941 3280 977 3333 he
995 3280 1060 3332 thus
1079 3279 1204 3347 displays
1223 3296 1240 3333 a
1257 3296 1334 3333 more

190 3364 321 3416 thankful
333 3381 412 3417 sense
425 3353 456 3416 of
466 3364 635 3431 obligation‚
654 3364 724 3416 than
741 3364 785 3416 his
796 3364 900 3417 master
918 3365 941 3416 is
954 3365 1088 3419 recorded
1107 3369 1136 3417 to
1149 3363 1222 3417 have
1228 3364 1334 3418 donc“.
1401 3381 1404 3386 ·
