2956 4942
665 284 878 350 -16-

201 456 413 540 consequitur.
458 453 506 520 Of.
538 453 644 538 Bayhi
677 446 817 519 Diction.
852 476 883 518 v.
911 455 1022 520 Leont.
1082 455 1172 532 Quod
1207 456 1348 541 gaudent

200 564 357 630 Weberus
372 564 558 650 (Elegische
570 564 704 628 Dichter
719 564 774 628 der
784 563 955 629 Hellenen.
972 565 1072 629 Frkfe.
1091 565 1183 631 1826.
1199 588 1271 652 pag.
1285 567 1345 631 667

200 679 300 760 seqq.)
331 679 363 740 et
390 675 427 741 O.
451 674 491 739 D.
514 674 657 759 llgenius
686 673 865 761 (Opuscull.
888 674 1012 758 philoll.
1036 674 1052 738 I
1078 697 1153 760 pag.
1174 676 1251 761 256)
1281 675 1346 740 Me-

199 785 331 870 nagium
352 788 536 871 sequentes,
559 784 646 848 dolet
667 786 775 848 tamen
796 783 892 848 simul
913 783 1085 867 Weberus,
1108 784 1192 867 quod
1214 786 1285 849 aliis
1308 786 1347 849 de

200 895 303 959 causis
332 895 453 979 species
480 894 623 959 veritatis
646 893 739 958 desit.
785 893 914 958 Scilicet
941 893 1058 976 ubique
1079 893 1248 958 Leontium
1270 894 1346 978 Epi-

200 1026 293 1070 curea
325 1009 456 1070 vocatur
487 1006 641 1073 Λεόντιον
675 1005 880 1083 Ἐπικούρου,
913 1005 933 1083 ἡ
960 1005 1200 1084 ,Ἐπικούρειος
1234 1027 1254 1067 a
1286 1026 1347 1087 qua

200 1115 347 1198 Myrtilus
370 1113 631 1199 deipncsophista
653 1113 752 1197 (apud
767 1113 884 1177 Athen.
906 1113 926 1177 l.
942 1113 983 1197 c.)
1006 1116 1064 1193 τὴν
1086 1114 1346 1194 Ἑρμηειοινάκτο(

200 1226 354 1292 Λεόντιον
377 1246 524 1309 expresse
547 1224 727 1309 distinguit.
751 1221 815 1308 (Of.
831 1222 871 1288 N.
887 1221 1000 1287 Bachii
1015 1222 1160 1287 Philetae
1175 1223 1243 1307 Coi,
1266 1223 1345 1287 Her-

199 1335 402 1399 mesianactis
425 1333 617 1419 Colophonii
639 1337 735 1417 atque
753 1332 926 1397 Phanoclis
947 1332 1073 1416 Reliqq.
1089 1332 1163 1398 Hal.
1177 1332 1246 1398 Sax.
1265 1334 1347 1398 1829

199 1466 271 1529 pag.
288 1445 329 1509 93
344 1448 458 1529 seqq).

284 1554 452 1619 Praeterea
479 1552 742 1636 inAlciphrorris
772 1552 908 1636 epistula
930 1558 1222 1637 supramemorata
1244 1554 1345 1618 Leon·

199 1664 280 1728 tium
301 1664 434 1748 Epicuri
460 1664 567 1746 puella
595 1662 761 1727 exhibetur
789 1662 933 1726 nondum
955 1665 1052 1748 longe
1074 1664 1197 1746 adulta,
1226 1665 1345 1749 viginti

200 1775 265 1839 fere
288 1796 389 1838 annos
404 1777 494 1857 nata,
518 1773 689 1856 eademque
711 1774 751 1837 ad
765 1773 911 1837 levitates
934 1774 1103 1838 amatorias
1117 1775 1232 1839 mirum
1248 1796 1345 1856 quan-

199 1887 268 1948 tum
290 1905 463 1967 propensa,
493 1887 605 1947 contra
626 1883 784 1967 Epicurus
807 1905 903 1947 senex
931 1883 992 1964 ἤδη
1020 1884 1114 1962 ἐγγὺς
1143 1885 1345 1964 ὀγδοήκοντα

199 1996 345 2071 γεγονὼς
372 1994 436 2074 ἔτη.
487 1994 575 2069 Quae
602 1997 688 2056 aetas
716 1992 859 2077 quamvis
886 1994 997 2076 jocose
1025 1994 1160 2057 nimium
1186 1994 1343 2077 producta

200 2105 256 2186 sit,
278 2105 359 2168 tales
381 2107 490 2168 tamen
511 2103 689 2185 irrisiones,
718 2103 905 2186 praesertim
928 2104 955 2167 si
978 2103 1156 2186 Alciphron
1179 2125 1217 2167 ex
1239 2094 1344 2187 poetis

200 2214 329 2277 comicis
361 2215 454 2297 jocos
489 2212 617 2296 repetiit
652 2212 792 2295 Epicuro
829 2213 1029 2295 aequalibus,
1066 2235 1171 2277 merae
1207 2213 1345 2278 fuissent

200 2322 339 2406 ineptiae
361 2323 554 2407 philosopho
577 2325 714 2386 aetatem
736 2323 975 2407 integerrimam
997 2324 1122 2407 agente.
1159 2322 1229 2388 Nec
1245 2322 1346 2387 Leon-

200 2434 280 2497 tium
295 2434 396 2498 facete
418 2434 464 2497 ita
479 2433 567 2516 loqui
581 2435 722 2516 poterat,
744 2433 808 2496 nisi
822 2432 963 2517 Epicuro
986 2433 1100 2497 saltem
1115 2433 1347 2518 qninquaginta

200 2544 251 2607 vel
280 2545 446 2629 sexaginta
474 2564 576 2607 annos
603 2545 690 2606 nato.
735 2543 783 2607 Eo
812 2543 908 2606 etiam
930 2543 1035 2607 minus
1063 2543 1138 2606 salis
1166 2543 1286 2607 inesset
1311 2543 1346 2606 in

200 2653 327 2717 Leontii
359 2652 506 2736 horrore,
535 2673 597 2736 quo
631 2653 734 2735 ipsam
768 2654 846 2715 natu
879 2654 1034 2735 majorem
1062 2672 1277 2736 censeremur,
1311 2654 1345 2716 in

200 2763 336 2847 triginta
363 2762 429 2826 fere
451 2783 552 2825 annos
574 2764 769 2846 vergentem.
814 2761 1074 2827 Hermesianacte
1103 2766 1259 2826 autema.
1283 2763 1345 2827 302

92 2880 94 2884 ’
201 2894 239 2936 ex
260 2871 436 2936 Pausaniae
460 2872 643 2954 conjectura
664 2875 767 2935 morte
785 2873 852 2956 jam
875 2872 1042 2955 absumpto
1064 2872 1222 2957 Epicurus
1244 2894 1345 2936 annos

201 2973 411 3067 quadraginta
433 2981 567 3066 adeptus
590 2985 667 3047 erat.
711 2982 804 3047 Unde
826 2983 888 3046 ista
909 2983 995 3047 fictio
1016 2982 1094 3045 satis
1117 2983 1266 3066 aperitur.

284 3091 406 3156 Habuit
427 3115 444 3156 e
466 3092 601 3157 Leontio
623 3096 716 3157 natos
732 3092 931 3156 Metrodorus
954 3093 1071 3157 liberos
1094 3091 1188 3175 duos,
1209 3113 1344 3177 puerum

200 3203 415 3287 puellamque,
439 3224 518 3285 quos
540 3204 747 3268 moribundus
769 3203 909 3286 Epicuro
932 3203 1061 3286 reliquit
1082 3203 1237 3286 infantes,
1261 3202 1346 3286 quod

201 3335 239 3378 ex
260 3313 393 3396 Epicuri
413 3315 605 3378 testamento
627 3335 647 3377 a
668 3313 815 3399 Diogene
837 3316 960 3377 servato
985 3311 1045 3396 (X,
1071 3313 1110 3377 16
1126 3314 1229 3399 seqq.)
1252 3312 1346 3377 disci-

201 3445 286 3504 mus,
308 3423 343 3486 in
358 3445 420 3506 quo
436 3423 563 3506 quidem
578 3426 700 3508 septem
720 3424 813 3488 annis
827 3426 902 3507 post
916 3423 1092 3487 Metrodori
1114 3423 1237 3487 obitum
1258 3423 1345 3487 facto

201 3554 305 3597 sermo
328 3536 377 3598 est
399 3533 438 3597 de
460 3534 526 3598 filio
550 3534 713 3599 educando
736 3537 769 3598 et
791 3533 829 3598 de
843 3534 910 3597 filia
931 3534 1073 3598 nondum
1096 3555 1198 3598 annos
1219 3533 1345 3598 nubiles

201 3646 353 3707 assecuta.
398 3642 447 3706 De
474 3644 587 3726 quibus
610 3644 784 3709 Metrodori
812 3644 921 3708 liberis
944 3644 1019 3728 quid
1047 3644 1249 3708 constituerit
1269 3643 1345 3726 Epi·

201 3775 308 3836 curus,
332 3753 475 3836 quamvis
498 3775 536 3818 ex
552 3756 745 3818 testamento
769 3755 846 3818 satis
868 3754 1002 3838 liqueat,
1025 3757 1133 3819 tamen
1154 3776 1221 3819 non
1242 3754 1345 3818 solum

84 3854 88 3858 ’
201 3865 310 3928 amicis
338 3863 457 3927 ibidem
484 3865 682 3942 memoratis,
713 3864 901 3947 Timocrati,
935 3864 1178 3947 Amynomacho
1208 3868 1240 3929 et
1266 3862 1345 3928 Her-

200 3974 329 4038 marcho
364 3974 492 4038 eosdem
525 3974 761 4038 commendasse
795 3975 921 4039 videtur
955 3976 1126 4058 curandae,
1160 3975 1216 4040 sed
1250 3975 1346 4039 etiam

201 4083 388 4168 Idomenea,
416 4084 533 4148 sororis
555 4084 731 4149 Metrodori
752 4086 882 4168 marito,
910 4086 1118 4150 moribundus
1140 4085 1283 4169 scripsit,
1311 4088 1347 4148 nt
1418 4093 1422 4103 “

200 4194 328 4258 illorum
348 4216 398 4258 res
420 4192 664 4259 administraret.
692 4194 804 4280 (Diog.
820 4195 923 4260 Laert.
939 4195 985 4277 X,
1005 4195 1073 4281 22).
1110 4194 1215 4280 Oujus·
1230 4195 1346 4279 epistu-

201 4304 250 4367 lae
272 4308 394 4387 partem
417 4304 606 4388 Spengelius
629 4304 807 4390 (Philolog.
832 4306 852 4369 l.
875 4328 901 4368 c.
923 4327 997 4389 pag.
1019 4306 1102 4390 531)
1129 4306 1344 4388 fragmentum
