2956 4942
660 302 871 367 -14-

194 494 325 539 uxorem
346 475 523 560 legitimam
545 474 643 538 fuisse
666 494 820 557 ponamus
826 521 835 555 ,
860 493 954 556 quam
976 472 1162 556 opinionem
1183 473 1267 537 unde
1289 472 1340 538 de-

193 586 387 667 prompserit
413 584 450 647 Β.
480 583 696 666 Hieronymus
727 583 798 646 adv.
820 582 929 646 11111.
952 583 1013 647 317
1046 583 1093 647 ed.
1116 582 1252 647 Vallars.
1283 585 1339 669 (cf.

193 694 286 781 Ioan.
305 693 457 758 Sarisber.
480 694 519 758 de
533 715 610 778 nug.
627 694 736 758 curial.
753 691 842 774 VIII,
861 694 930 777 11),
953 692 1061 756 nescio
1085 693 1239 776 equidem,
1262 694 1341 756 mire

195 807 304 867 tamen
324 805 447 886 placuit
468 803 632 868 Gassendo
654 803 675 867 l.
699 825 725 867 c.

277 912 370 977 Hanc
383 915 406 1000 ἰ)
434 914 587 978 feminam
608 912 830 997 philosophiae
853 912 1022 976 admodum
1045 912 1219 977 studiosam
1242 913 1342 976 fuisse

195 1021 307 1087 Cicero
330 1023 442 1088 scribit
464 1024 503 1088 de
524 1026 591 1087 nat.
615 1023 701 1087 deor.
724 1021 750 1104 I,
765 1023 817 1104 33,
833 1021 889 1086 93:
912 1042 999 1104 „non
1021 1021 1116 1085 modo
1131 1021 1287 1105 Epicurus
1310 1027 1343 1087 et

196 1131 398 1197 Metrodorus
421 1139 453 1198 et
467 1131 683 1197 Hermarchus
706 1134 817 1195 contra
838 1131 1054 1215 Pythagoram
1076 1131 1244 1196 Platonem
1266 1133 1341 1196 Ern-

197 1243 424 1326 pedoclemque
445 1244 607 1326 dixerunt,
632 1242 687 1306 scd
709 1241 909 1304 meretricula
932 1241 1029 1304 etiam
1043 1239 1213 1323 Leontium
1229 1246 1342 1305 contra

194 1352 451 1436 Theophrastum
473 1354 610 1418 scribere
633 1374 708 1415 ausa
730 1355 795 1415 est:
820 1352 899 1414 scito
922 1351 978 1413 illa
993 1350 1119 1432 quidem
1142 1373 1287 1415 sermone
1310 1357 1343 1415 et

194 1463 320 1545 Attico,
344 1463 399 1526 sed
421 1467 529 1525 tamen
554 1465 620 1509 -—“
647 1462 703 1525 ubi
725 1460 967 1542 interrumpitur
989 1461 1107 1544 oratio,
1133 1461 1222 1543 cujus
1245 1463 1340 1524 finem

195 1573 257 1637 sibi
279 1573 411 1656 quisque
434 1573 587 1655 suppleat.
620 1571 678 1634 llle
701 1591 827 1655 „sermo
844 1570 942 1634 scitus
958 1574 990 1633 et
1004 1571 1154 1633 Atticus“
1175 1571 1340 1634 mulierem

151 1731 156 1738 .
194 1682 315 1746 indicat
335 1682 528 1766 politiorem.
567 1680 659 1756 Quod
681 1681 797 1743 attinet
818 1679 1055 1763 philosophiam
1062 1682 1160 1764 „suis
1182 1703 1216 1745 11
1232 1684 1341 1745 teneat

195 1796 310 1855 orator.
357 1790 438 1855 Oum
466 1792 535 1855 loco
559 1789 705 1853 Tulliano
736 1791 775 1854 cf.
798 1789 896 1853 Plinii
923 1788 997 1856 hist.
1026 1794 1092 1854 nat.
1115 1791 1232 1875 praet:
1261 1791 1340 1874 „ad-

131 1967 132 1970 ,
195 1923 303 1966 versus
324 1900 597 1985 Theophrastum,
619 1900 783 1963 hominem
803 1900 838 1963 in
857 1898 1039 1982 eloquentia
1059 1904 1245 1964 11111111·-
1267 1901 1341 1964 1111-

194 2012 297 2094 psisse
331 2011 427 2075 etiam
455 2011 608 2075 feminam
635 2013 668 2074 11
694 2009 897 2092 proverbium
929 2009 1003 2073 inde
1030 2014 1140 2073 natum
1169 2011 1341 2093 suspendio

195 2122 341 2185 arborem
374 2121 513 2206 eligendi
521 2121 550 2183 “.
601 2119 690 2186 Idem
722 2118 958 2204 Theo(do)rum
985 2118 1142 2202 pictorem
1171 2118 1342 2183 Leontium

65 2284 67 2289 ,
197 2232 392 2316 cogitantem
403 2231 545 2314 pinxisse
560 2233 670 2292 narrat
681 2227 754 2292 hist.
771 2230 837 2292 nat.
855 2226 987 2311 XXXV,
998 2229 1068 2292 144.
1093 2229 1142 2293 Of.
1151 2228 1284 2314 XXXV,
1292 2230 1343 2293 99.

280 2342 370 2404 Inter
392 2340 543 2424 epistulas
567 2341 607 2403 ab
621 2338 818 2422 Alciphrone
839 2338 966 2402 rhetore
981 2338 1108 2402 relictas
1131 2342 1235 2403 exstat
1249 2361 1342 2422 quae-

195 2452 268 2515 dam
290 2450 457 2514 aLeontio
479 2450 519 2513 ad
533 2449 677 2514 Lamiam
699 2449 845 2513 intimam
867 2449 940 2512 data
962 2448 1019 2533 (Il,
1042 2449 1135 2532 epist.
1150 2449 1202 2534 2),
1225 2451 1259 2524 in
1281 2471 1343 2532 qua

195 2561 338 2644 queritur
365 2561 589 2623 tractationem
610 2558 741 2642 Epicuri
768 2559 868 2623 ferme
896 2559 1108 2643 octogenarii,
1131 2559 1266 2643 morosi,
1288 2582 1342 2643 pe-

198 2670 348 2753 diculosi,
371 2669 509 2733 morbidi
537 2670 769 2752 velleribusque
797 2672 829 2732 et
849 2689 957 2751 panno
981 2669 1133 2752 contecti,
1162 2670 1213 2760 cui
1234 2692 1268 2735 se
1290 2669 1342 2732 Ti·

66 2772 68 2777 ’
195 2778 359 2843 marchum
388 2779 449 2862 (cf.
478 2778 614 2843 Metrod.
644 2779 765 2863 scriptt.
794 2801 881 2842 num.
899 2778 959 2863 18)
986 2780 1136 2862 juvenem
1162 2780 1341 2876 pulchrum,

127 2894 129 2898 '
195 2888 293 2973 longe
325 2888 486 2973 praeferre
519 2889 667 2952 libertate
701 2889 835 2971 quadam
868 2891 1013 2952 venusta
1034 2889 1162 2953 fatetrr.
1212 2889 1340 2979 Ecquis,

196 3021 329 3082 quaeso,
353 2999 406 3082 qui
421 2997 506 3062 hanc
522 2999 691 3083 epistulam
705 2999 835 3083 legerit,
860 3020 930 3062 eam
952 3001 1049 3083 neget
1069 3000 1172 3064 facete
1194 3003 1228 3064 et
1248 3001 1341 3064 mira-

195 3108 253 3173 bili
286 3109 448 3193 elegantia
481 3130 518 3172 ac
551 3110 659 3192 lepore
694 3109 908 3193 conscriptam
941 3109 1032 3173 esse?
1076 3109 1161 3184 Quin
1188 3110 1341 3175 Passovio

197 3217 411 3301 (Vermischte
427 3217 588 3283 Schriiten
603 3218 749 3304 herausg.
765 3240 829 3284 von
845 3218 899 3284 W.
911 3221 951 3282 A.
964 3218 1103 3284 Passow.
1125 3220 1232 3304 Leipz.
1249 3221 1340 3285 1845.

195 3349 268 3411 pag.
286 3328 325 3392 91
343 3329 423 3414 seq.)
452 3328 589 3393 libenter
612 3329 828 3412 concedimus,
856 3350 1009 3412 personas
1038 3329 1072 3392 in
1093 3329 1155 3393 hoc
1182 3330 1254 3413 ipso
1278 3331 1341 3414 epi-

196 3438 350 3501 stularum
372 3437 454 3501 libro
470 3440 609 3504 secundo
633 3440 722 3523 quasi
737 3439 848 3525 vigore
871 3443 903 3503 11
917 3439 1059 3523 corporis
1083 3442 1115 3503 11
1136 3439 1234 3503 animi
1252 3462 1341 3524 prae-

195 3551 317 3611 stantes
332 3549 507 3632 descriptas
523 3572 602 3614 esse.
638 3550 684 3613 At
705 3549 731 3613 si
748 3549 923 3633 quaeritur,
946 3572 1023 3613 num
1046 3550 1151 3633 ipsum
1166 3549 1341 3633 Epicurum

194 3658 359 3741 ipsamque
386 3657 556 3722 Leontium
585 3660 763 3743 depinxerit
791 3659 985 3743 Alciphron,
1013 3659 1159 3744 equidem
1187 3660 1341 3744 epistulae

89 3791 92 3796 ·
194 3767 289 3836 fidem
310 3767 495 3832 historicam
508 3770 598 3833 nullo
612 3773 707 3852 pacto
722 3770 870 3834 tribuam.
907 3769 1038 3834 Etenim
1060 3774 1093 3835 et
1114 3793 1165 3835 res
1187 3773 1220 3834 et
1233 3791 1341 3853 perso·

194 3899 256 3941 nae
276 3878 355 3942 locis
370 3877 633 3963 hominibusque,
656 3879 710 3962 qui
724 3901 834 3944 revera
856 3880 1059 3963 exstiteumt,
1083 3881 1234 3965 subjectis
1249 3881 1341 3944 fictae

195 3989 279 4052 sunt.
308 3986 378 4071 (Cf.
407 3988 511 4071 Baylii
534 3988 674 4054 Diction.
703 4012 732 4053 v.
755 3988 915 4076 Epicur).
960 3990 1067 4073 Atque
1096 3990 1210 4073 quibus
1232 3990 1342 4054 rhetor

263 4253 280 4317 i)
299 4251 331 4303 ln
348 4250 395 4319 iis,
413 4250 562 4318 quaejam
580 4253 745 4318 sequentur,
764 4254 870 4305 arctam
888 4251 1043 4305 Metrodori
1061 4268 1123 4305 eum
1142 4249 1259 4306 Leontio
1278 4269 1340 4306 con·

194 4334 376 4388 sociationenr
394 4334 555 4404 respicienti
573 4350 628 4388 non
647 4336 746 4404 longus
765 4336 897 4390 videbor.l
