2956 4942
623 254 835 316 ..23-.

153 424 307 508 negabat,
337 423 400 487 nisi
428 423 497 506 ipsa
525 409 696 506 malorum,
727 446 806 506 quae
828 446 996 507 perpessus
1019 427 1118 508 esset,
1147 425 1300 490 memoria

153 555 192 596 ex
211 533 318 598 animo
339 535 438 618 ejecta
453 535 485 597 et
500 554 623 615 earnm,
645 533 759 616 quibus
780 536 874 598 antea
894 533 1014 598 fructus
1036 537 1132 616 esset,
1156 535 1299 618 volupta-

153 646 220 706 tum
249 647 434 708 conservata
461 664 679 726 novarumque
712 664 767 726 spe
795 646 957 726 concepta.
1008 641 1114 726 Ipsam
1143 665 1217 708 vero
1246 666 1299 708 vo-

152 753 307 836 luptatem
330 755 442 836 cuique
464 751 675 836 philosophus
697 774 763 816 non
785 752 891 816 minus
914 753 1002 817 ducit
1029 755 1239 838 appetendam
1262 777 1299 818 ac

151 864 274 926 firmam
295 863 495 946 validamque
512 863 655 946 eorporis
679 863 941 926 constitutionem
963 864 1128 947 tuendam,
1151 886 1214 948 quo
1229 886 1298 948 per·

80 984 82 988 “
151 973 265 1037 tectior
290 975 439 1037 nascatur
460 975 526 1036 tam
554 974 715 1056 voluptas,
744 975 855 1056 utpote
883 995 963 1056 quae
985 976 1054 1036 tota
1080 973 1237 1038 referatur
1258 975 1298 1038 ad

151 1104 279 1166 corpus,
309 1105 402 1166 quam
425 1083 481 1146 illa
503 1087 560 1162 τῆ(
581 1087 687 1162 ψυχῆς
710 1084 862 1163 ἀταραξία
884 1082 994 1168 (Diog.
1019 1083 1122 1148 Laert.
1146 1083 1186 1167 X,
1210 1084 1296 1171 128),

151 1191 363 1268 Quamobrem
396 1191 612 1256 Metrodorum
647 1192 926 1256 animadvertimus
961 1192 1001 1256 ad
1029 1215 1144 1276 corpus
1171 1193 1298 1276 potissi-

150 1324 236 1366 mum
258 1302 471 1366 Timocratem
493 1321 641 1365 revocare
669 1305 764 1385 atque
786 1302 931 1386 gloriari,
960 1324 993 1367 se
1016 1303 1056 1367 ab
1078 1301 1218 1387 Epicuro
1242 1304 1296 1383 ὀρ-

149 1417 213 1479 θῶ(
234 1414 341 1492 γαετρὶ
363 1413 542 1492 χαρίζειθαι
564 1411 639 1497 (vid.
656 1411 792 1476 Metrod.
808 1413 924 1497 fragm.
938 1411 1033 1497 XIII)
1055 1412 1214 1477 didicisse.
1252 1413 1297 1476 At

131 1522 243 1585 ⁴istam
270 1522 388 1585 bonam
416 1521 601 1604 firmamque
629 1522 772 1606 eorporis
795 1522 1057 1586 constitutionem
1086 1522 1125 1586 ad
1148 1524 1295 1604 εὐδαιμο-

148 1633 220 1697 νίαν
241 1631 450 1697 necessariam
473 1619 540 1694 non
568 1632 763 1695 servabimus
786 1632 850 1695 nisi
871 1632 952 1695 bene
975 1633 1134 1714 viventes,
1165 1632 1296 1696 edentes

143 1742 283 1826 jucunde
311 1745 344 1805 et
369 1741 515 1805 bibentes
538 1742 657 1806 vinum.
702 1741 794 1807 Circa
815 1744 958 1806 ventrem
988 1746 1036 1805 est
1058 1743 1194 1826 bonum,
1223 1745 1296 1822 περὶ

147 1853 283 1931 γαετέρα
309 1854 348 1917 τὸ
375 1853 507 1928 ἀγαθόν.
552 1851 653 1926 Quam
682 1852 872 1915 sententiam
906 1855 942 1914 ut
969 1852 1068 1916 ferret
1094 1853 1295 1917 Metrodorus

149 1962 288 2026 crebrius
310 1983 421 2026 vocem
443 1962 561 2042 γαετήρ
584 1983 758 2044 usurpans,
782 1961 901 2026 idcirco
924 1961 1043 2024 factum
1066 1962 1294 2047 existimamus,

147 2092 209 2154 quo
233 2071 344 2136 melius
367 2072 521 2151 declaret,
550 2092 648 2155 penes
676 2075 803 2135 nosmet
830 2071 917 2154 ipsos
942 2092 1069 2135 causam
1091 2093 1160 2135 esse
1188 2073 1293 2139 εὐδαι-
1373 2135 1375 2141 .

147 2181 258 2260 μανία(
280 2181 501 2265 adipiscendae
515 2182 740 2266 principalem,
762 2203 823 2246 nec
844 2180 927 2245 idem
944 2181 1114 2245 valereres
1137 2185 1292 2265 externas,

147 2292 289 2374 quamvis
312 2294 344 2356 et
365 2291 453 2375 ipsae
476 2291 517 2355 ad
540 2313 654 2375 corpus
676 2291 866 2374 pertineant.

229 2381 440 2466 Haectamen
455 2401 668 2465 Timocratem
684 2400 845 2466 dubitasse
868 2403 901 2465 et
913 2401 1021 2484 potius
1044 2402 1197 2485 sensisse,
1219 2404 1292 2486 plus

145 2511 249 2576 valere
272 2512 493 2595 εὐδαιμονίαν,
516 2533 596 2595 quae
617 2511 651 2574 in
671 2511 766 2576 rebus
789 2510 944 2594 externis,
967 2532 1062 2594 quam
1078 2532 1157 2594 quae
1179 2511 1214 2576 in
1235 2534 1292 2576 no-

144 2621 260 2685 bismet
286 2621 364 2705 ipsis
392 2624 490 2704 esset,
518 2624 587 2686 tum
610 2643 648 2685 ex
670 2620 846 2686 Metrodori
873 2621 1109 2686 enunciationis
1135 2623 1292 2706 grauitate

143 2733 247 2816 patet,
269 2735 339 2794 tum
361 2754 400 2796 ex
421 2732 496 2816 illo,
519 2752 581 2814 quo
603 2730 816 2795 Timocratem
839 2731 1027 2814 alloquitur,
1051 2731 1205 2796 vocabulo
1229 2755 1289 2814 φυ-

144 2829 291 2919 ειολιίγο(
314 2841 390 2926 (vid.
406 2841 541 2906 Metrod.
564 2841 711 2926 fragium.
734 2862 821 2905 num.
837 2839 893 2905 VI.
910 2839 1005 2927 VII),
1029 2840 1230 2926 significante
1253 2864 1290 2906 eo

144 2950 287 3033 quidem,
309 2952 401 3015 illum
422 2952 494 3034 plus
516 2951 664 3034 tribuisse
685 2951 780 3015 rebus
802 2950 957 3033 externis,
980 2972 1074 3033 quam
1097 2952 1232 3034 corpori.

226 3060 297 3125 Hoc
319 3061 424 3144 ipsum
440 3061 639 3125 Metrodorus
662 3061 809 3145 exposuit
829 3059 864 3122 in
885 3059 985 3141 libro,
1008 3081 1102 3142 quem
1124 3061 1291 3145 inscripsit

142 3173 215 3250 περὶ
236 3175 295 3237 τοῦ
317 3173 447 3251 μείζονα
470 3161 552 3236 ὲίναι
574 3173 633 3250 τὴν
655 3172 730 3252 παρ’
751 3171 832 3250 ἡμᾶς
853 3170 955 3235 αἰτίαν
978 3171 1061 3250 πρὸ(
1084 3171 1288 3250 εὐδαιμονίαν

84 3285 87 3298 “
141 3284 196 3359 τῆ(
224 3282 259 3346 ἐκ
286 3286 352 3347 τῶν
379 3282 575 3361 πραγμάτων
604 3280 686 3365 (vid.
709 3280 845 3345 Metrod.
869 3279 992 3363 scriptt.
1015 3302 1103 3345 num.
1119 3281 1177 3367 8),
1205 3282 1288 3346 unde

142 3409 212 3453 eum
235 3393 348 3454 contra
370 3391 582 3456 Timocratem
604 3391 703 3456 fuisse
725 3390 937 3473 compositum
960 3389 1054 3454 facile
1077 3390 1239 3474 conjicias.

224 3499 393 3565 Nescimus
416 3504 536 3584 autem,
558 3523 635 3566 num
653 3499 733 3565 haec
754 3499 933 3564 differentia
947 3499 1045 3563 fuerit
1066 3500 1148 3583 sola,
1171 3522 1213 3565 an
1237 3522 1287 3565 ex·

141 3610 282 3675 stiterint
303 3611 420 3694 plures.
464 3611 601 3676 Etiamsi
623 3611 708 3675 enim
722 3609 855 3693 Epicuri
877 3609 958 3674 liber
980 3608 1108 3696 aDiog.
1124 3607 1229 3675 Laert.
1246 3610 1286 3695 X,

142 3719 180 3784 18
202 3719 348 3785 laudatus
370 3723 451 3802 περὶ·
465 3727 578 3788 παθῶν
601 3721 691 3790 δόξαι
712 3722 794 3801 πρὸ(
809 3720 1007 3800 Τιμοκράτην
1029 3719 1215 3785 inscribitur
1237 3719 1288 3805 (ut

20 3869 26 3876 ·
139 3829 205 3893 sint
227 3831 466 3916 conjungenda,
489 3853 569 3915 quae
588 3830 736 3896 nonnulli
757 3831 873 3913 putant
893 3829 1100 3914 separanda),
1123 3837 1231 3894 tamen
1248 3832 1286 3895 de

138 3939 431 4022 perturbationibus
455 3941 598 4025 quaestio
622 3963 691 4005 eum
714 3941 771 4005 illa
793 3940 832 4004 de
855 3961 949 4004 causa
971 3940 1174 4022 εὐδαιμονία(
1197 3942 1283 4004 arcte

139 4048 303 4136 cohaeret,
325 4051 481 4135 siquidem
502 4051 596 4115 rebus
618 4051 756 4116 externis
778 4050 932 4135 magister
953 4049 1208 4133 perturbationes
1231 4072 1284 4114 au·

137 4160 207 4242 geri
228 4160 388 4224 censebat.
434 4208 441 4218 ,
904 4146 905 4150 ί

222 4269 335 4352 Neque
372 4293 455 4335 nova
490 4274 574 4336 inest
610 4270 769 4335 discordia
804 4272 837 4334 in
872 4292 926 4353 eo,
964 4271 1048 4354 quod
1081 4269 1283 4334 Metrodorus
