2956 4942
637 311 847 375 ..lgm

170 465 367 543 celebrarent
389 475 500 566 (Diog.
511 478 615 544 Laert.
628 479 668 562 X,
685 481 731 544 18.
749 479 813 545 Cic.
831 479 869 544 de
884 479 971 544 finib.
988 480 1031 564 II,
1046 482 1082 546 31
1088 531 1097 564 ,
1112 483 1181 547 101.
1199 482 1317 550 Athen.

169 589 311 672 deipnos.
330 587 403 672 VH,
419 587 483 653 298
498 587 554 675 D).
724 600 727 605 ’

254 698 344 774 Quod
368 698 408 762 ad
430 698 607 763 Metrodori
628 699 866 783 philosophiam
889 703 1028 784 spectat,
1052 704 1318 785 quemadmodum

168 807 261 893 signa
289 809 435 893 magistri
458 811 588 873 secutus
611 809 654 873 111
682 810 811 894 ejusque
837 811 1016 894 praeceptis
1044 812 1317 898 obsecundaverit,

168 918 336 983 dilucidius
359 919 539 1003 apparebit,
562 919 605 1001 si,
629 919 730 1003 qualis
753 918 981 1003 discipulorum
1003 921 1038 984 in
1060 922 1242 988 universum
1265 945 1316 988 1ο-

167 1028 293 1112 gitandi
320 1029 433 1093 modus
456 1029 567 1112 fuerit,
597 1029 674 1092 satis
697 1029 879 1095 eruerimus.
924 1030 974 1095 Ne
997 1031 1095 1095 simus
1117 1031 1221 1116 longi,
1252 1034 1314 1096 duo

167 1139 336 1222 praecipue
359 1139 530 1222 scriptores
553 1139 629 1223 quid
650 1139 711 1203 hac
733 1139 772 1203 de
793 1160 827 1203 re
850 1140 1027 1223 senserint,
1053 1141 1184 1225 jamjam
1207 1142 1313 1225 explo-

168 1270 285 1312 remus,
334 1249 383 1312 Ac
411 1249 550 1331 primurn
578 1248 672 1313 nobis
705 1249 901 1314 afferendum
928 1252 977 1315 111
1004 1251 1208 1316 notissimum
1234 1251 1312 1314 illud

166 1356 332 1441 Numenii,
366 1357 551 1442 philosophi
578 1358 820 1443 Neoplatonici,
852 1381 890 1422 ex
918 1359 1036 1424 Euseb.
1064 1382 1172 1444 praep.
1202 1370 1312 1444 evang.

167 1467 259 1551 XIV,
282 1468 352 1554 5¹),
387 1468 472 1551 quod
499 1470 606 1531 mente
633 1469 673 1531 ab
701 1468 826 1551 injuriis
860 1468 964 1532 aliena
992 1471 1146 1552 scriptum
1180 1470 1312 1535 videtur.

164 1576 329 1641 iudicium
362 1578 432 1660 pari
465 1578 633 1641 severitate
665 1578 786 1641 factum
821 1598 977 1659 nusquam
1011 1577 1088 1640 alibi
1123 1580 1312 1644 invenimus

166 1686 310 1762 Quocum
325 1685 452 1769 quidem
466 1687 595 1771 plurimi
617 1708 664 1750 vv.
681 1686 732 1751 dd.
756 1688 943 1770 comparant
963 1685 1042 1750 illud
1059 1685 1198 1751 Senecae
1221 1690 1313 1772 epist.

165 1795 321 1860 XXXHI:
356 1796 467 1878 „apud
500 1796 580 1859 istos
609 1796 759 1879 quicquid
787 1795 1002 1860 Hermarchus
1029 1795 1127 1877 dixit,
1162 1796 1314 1880 quicquid

165 1905 381 1988 Metrodorus,
409 1905 448 1968 ad
471 1927 570 1969 unum
591 1905 735 1970 refertur.
781 1905 911 1990 Omnia,
941 1927 1020 1989 quae
1041 1905 1176 1997 quisque
1198 1905 1234 1968 in
1255 1906 1311 1969 illo

165 2015 373 2079 contubernio
396 2015 522 2079 locutus
544 2018 607 2099 est,
635 2016 729 2080 unius
757 2016 852 2081 ductu
876 2021 908 2080 et
929 2016 1080 2099 auspiciis
1108 2015 1193 2079 dicta
1214 2019 1315 2080 sunt“

165 2124 181 2208 (
189 2125 229 2189 cf.
253 2124 418 2189 Octavian.
449 2125 488 2188 ad
510 2123 688 2189 Philodem.
712 2110 828 2189 rhetor.
852 2126 952 2209 praef.
976 2124 1011 2190 0.
1034 2125 1071 2188 P.
1093 2124 1138 2206 V,
1164 2128 1181 2187 1
1204 2126 1313 2210 ξ11),

165 2235 220 2299 sed
246 2234 308 2299 hcc
337 2234 393 2297 illo
415 2233 569 2299 Numenii
598 2234 694 2318 longe
717 2234 820 2297 lenius
848 2256 916 2299 1111
938 2234 1058 2299 dictum
1079 2233 1240 2298 neminem
1264 2255 1312 2297 1ο-

164 2344 268 2408 brium
289 2343 401 2428 fugiat.
439 2343 541 2407 Immo
563 2343 684 2408 Seneca
705 2344 881 2427 Epicureos
904 2343 1138 2427 quodammodo
1161 2344 1312 2426 laudavit,

82 2479 86 2495 ·
164 2455 218 2537 qui
234 2453 326 2537 quasi
348 2454 406 2518 sub
423 2476 497 2538 rege
520 2458 642 2537 essent,
665 2458 702 2517 ut
724 2454 819 2517 etiam
841 2453 1035 2518 nobilissimi
1053 2453 1101 2520 nil
1123 2453 1312 2538 cogitarent,

165 2564 228 2627 nisi
257 2563 342 2647 quod
371 2563 465 2628 certis
493 2563 716 2646 philosophiae
738 2563 913 2647 Epicureae
942 2563 1043 2646 signis
1071 2565 1217 2626 notatum
1240 2585 1311 2627 con-

163 2674 332 2756 spicerent.
369 2670 441 2735 Hoc
463 2693 529 2735 non
552 2672 646 2736 dubie
671 2673 737 2736 vult
752 2672 887 2756 Seneca,
912 2675 1030 2736 certam
1052 2674 1087 2735 in
1108 2671 1313 2756 philosophia

163 2781 395 2866 Epicureorum
417 2781 522 2845 inesse
543 2784 699 2865 mentem,
723 2804 785 2866 qua
807 2782 847 2846 ab
870 2782 964 2849 sectis
988 2782 1059 2845 aliis
1079 2781 1173 2846 facile
1196 2782 1311 2845 discer-

162 2894 290 2957 nantur.
334 2890 487 2956 Numenii
514 2913 589 2956 1111
614 2891 770 2976 judicium
797 2892 922 2956 etiamsi
950 2891 990 2956 ad
1017 2914 1167 2977 magnam
1194 2891 1310 2975 Epicu·

162 3023 290 3067 reorum
305 3001 432 3067 urbam
454 3004 540 3067 recte
561 3002 732 3084 referatur,
754 3002 911 3085 imprimis
926 3005 1035 3066 tamen
1057 3023 1095 3066 ex
1116 3003 1187 3084 ipsa
1207 3000 1310 3086 philo-

166 3112 260 3197 sophi
283 3115 386 3177 aetate
409 3112 579 3197 repetitum
602 3115 696 3196 atque
718 3113 753 3176 in
775 3110 918 3177 scholam
947 3112 1126 3176 universam
1148 3111 1309 3176 immerito

162 3223 353 3286 translatum
375 3222 510 3288 videtur.
555 3223 661 3304 Atque
689 3244 788 3305 usque
811 3223 851 3286 ad
872 3223 1012 3308 Augusti
1041 3224 1177 3286 aetatem
1199 3221 1307 3305 fuisse,

232 3417 248 3480 ¹)
267 3415 318 3469 Ed.
338 3402 438 3488 (111111
461 3415 555 3469 Τοῦτο
573 3415 604 3468 δὲ
621 3415 648 3469 οἱ
667 3414 862 3483 Ἐπικούρειοι,
882 3418 935 3470 οὐκ
954 3419 1070 3482 ὤφελον
1089 3416 1151 3481 μὲν,
1171 3417 1309 3481 μαθόντε(

162 3504 188 3554 δ’
204 3502 269 3569 οὖν,
289 3501 326 3555 ἐν
344 3500 461 3553 οὐδενὶ
479 3501 529 3566 μὲν
548 3501 685 3567 coenem
697 3499 856 3568 ΙἘπικούρῳ
875 3501 989 3555 ἐναντία
1008 3501 1118 3566 θέμενοι
1136 3501 1309 3566 οὐδαμῶς,

164 3586 392 3653 ὁμολογήεαντε(
413 3584 444 3638 δὲ
468 3584 540 3637 εἶναι
564 3589 643 3650 corpur
667 3585 881 3650 ευνδεδογμένοι
903 3588 949 3638 καὶ
971 3587 1052 3639 αὐτοὶ
1074 3585 1118 3637 διὰ
1135 3589 1222 3638 τοῦτο
1245 3586 1310 3638 ἀπέ-

162 3674 267 3725 λαυεαν
290 3674 341 3736 τῆε
364 3669 544 3736 προτρήεεωτ
567 3668 697 3722 εἰκότωε·
721 3670 829 3736 ὑπῆρξέ
851 3685 883 3722 τε
906 3670 938 3723 ἐκ
955 3675 1007 3723 τοῦ
1025 3670 1073 3724 ἐπὶ
1095 3671 1227 3723 πλεῑετον
1249 3675 1309 3722 τοῖς

163 3755 315 3821 μετέπειτα
333 3752 542 3820 Ἐπικουρείοις,
563 3755 598 3819 μὴ
617 3754 642 3805 δ’
654 3753 750 3808 αὐτοῖς
769 3753 859 3807 εἰπεῖν
878 3770 923 3807 πω
943 3753 1074 3808 ἐναντίον
1092 3754 1160 3807 οὔτε
1171 3753 1308 3817 ἀλλήλοις

162 3840 229 3894 οὔτε
254 3838 410 3906 Ἐπικούρῳ
435 3839 541 3904 μηδὲν
565 3837 614 3891 εἰ(
639 3839 758 3904 μηδὲν,
787 3839 855 3892 ὅτου
882 3840 928 3891 καὶ
951 3842 1106 3906 μνηεθῆναι
1128 3838 1218 3890 ἄξιον·
1246 3835 1308 3888 ἀλλ’

162 3926 237 3978 ἔετιν
256 3923 353 3977 αὐτοῖς
372 3922 575 3990 ταρανὸμημα,
601 3924 755 3987 μᾶλλονδὲ
773 3923 908 3990 acessus,
927 3926 971 3977 καὶ
991 3924 1182 3987 κατέγνωεται
1197 3920 1232 3972 τὸ
1251 3935 1308 3973 και-

166 4008 331 4076 νοτομηθέν.
363 4009 413 4062 Καὶ
431 4008 475 4060 διὰ
492 4011 578 4060 τοῦτο
597 4007 711 4060 οὐδεὶς
729 4007 810 4060 οὐδὲ
827 4011 949 4076 τολμᾷ,
970 4009 1041 4061 κατὰ
1059 4009 1170 4073 πολλὴν
1187 4005 1218 4057 δὲ
1234 4003 1307 4069 εἰρή-

162 4110 217 4160 νην
229 4093 327 4146 αὐτοῖε
346 4093 442 4159 ἠρεμεῖ
454 4092 490 4145 τὰ
501 4092 629 4158 δόγματα
647 4092 705 4144 ὑπὸ
717 4096 769 4158 τῆς
787 4093 819 4147 ἐν
837 4093 970 4160 ἀλλήλοις
988 4091 1041 4154 αἰεί
1054 4108 1124 4145 ποτε
1138 4088 1307 4156 ευμφων11ε.

161 4177 253 4231 Ἔοικέ
277 4193 309 4230 τε
332 4178 349 4241 ἡ
372 4177 536 4242 Ἐπικούρου
558 4177 682 4242 διατριβὴ
707 4175 834 4246 πολιτείᾳ
852 4177 907 4230 τινὶ
925 4176 1037 4243 ἀληθεῖ,
1061 4173 1307 4240 ἀτταειαεποτάτῃ,

162 4264 258 4315 κοινὸν
283 4262 333 4315 ἕνα
355 4265 438 4326 νοῦν,
464 4261 529 4327 μίαν
547 4260 666 4327 γνώμην
684 4261 799 4330 ἐχούεῃ·
823 4261 879 4327 ἀφ’
896 4261 930 4327 ἦ(
947 4261 1018 4326 dccv
1036 4260 1081 4314 rut
1100 4260 1167 4314 εἰειν
1185 4263 1244 4327 καὶ,
1268 4261 1307 4312 ὼε

161 4348 265 4414 ἔοικεν,
284 4347 393 4399 ἔεονται
411 4346 622 4412 φιλακόλουθοι.
1310 4364 1313 4369 ·
