2956 4942
649 286 858 347 „24-

179 459 392 524 Timocratem
413 457 509 520 nimis
524 455 662 540 patriam
685 457 849 519 curantem
872 455 911 517 ad
928 475 1034 518 curam
1056 456 1185 517 revocat
1206 453 1326 518 ventris

179 569 308 655 (fragm.
331 589 417 631 num.
433 564 559 652 XVII),
587 566 703 650 quippe
726 566 898 645 ἀταραξίαν
920 569 975 644 τῆ(
998 568 1104 645 ψυχῆ(
1127 563 1328 644 ἀειίμβλητον

180 680 262 746 εἶναι
289 682 358 744 ταῑ(
386 678 536 759 μεγάλαι(
557 677 741 757 ἡγεμονίαι(
770 674 940 738 arbitratur
969 674 1104 760 (fragm.
1127 695 1213 736 num.
1237 672 1326 754 XX).

179 790 287 855 Solam
309 809 383 852 vero
406 787 595 870 acerrimae,
623 807 703 869 quae
726 787 837 848 exorta
858 787 924 868 est,
956 783 1174 850 contentionis
1197 804 1325 847 causam

180 900 268 964 illam
282 897 381 962 fuisse
402 897 436 960 in
450 894 929 981 philosophicisdissensionem
952 891 1006 979 (cf.
1023 894 1087 959 Cic.
1105 894 1143 959 de
1158 896 1223 958 nat.
1241 894 1327 958 deor.

181 1008 207 1092 Ι,
229 1009 281 1091 33,
304 1008 360 1072 93:
389 1028 490 1090 „curn
512 1005 670 1088 Epicurus
701 1043 737 1051 -
768 1004 996 1086 Timocratem,
1026 1003 1100 1086 quia
1120 1004 1229 1068 nescio
1252 1004 1330 1088 quid

179 1119 214 1183 in
236 1095 441 1201 philosophia
463 1115 663 1198 dissentiret,
685 1115 763 1179 totis
786 1115 1001 1179 voluminibus
1025 1113 1258 1198 conciderit“),
1280 1136 1328 1178 re-

181 1231 294 1312 spectu
316 1246 442 1308 eorum,
472 1246 552 1308 quae
575 1226 759 1308 ceteroquin
781 1224 820 1288 de
842 1223 1021 1288 Timocrate
1048 1223 1166 1287 tradita
1193 1226 1328 1307 exstant,

181 1337 275 1403 facile
297 1334 474 1420 negaveris.
512 1333 658 1418 Namque
680 1333 754 1399 huic
774 1333 897 1398 homini
920 1333 985 1397 acri
1000 1355 1164 1417 pronoque
1187 1333 1227 1397 ad
1249 1335 1330 1399 iram

183 1447 278 1511 etiarn
301 1467 372 1510 cum
389 1444 542 1508 Actoride
566 1443 663 1507 fratre
685 1443 748 1507 fuit
768 1444 852 1527 rixa,
877 1466 895 1506 a
917 1465 979 1527 quo
1002 1444 1130 1527 quidem
1152 1465 1225 1508 eum
1247 1445 1330 1508 male

108 1536 110 1538 .
181 1559 347 1639 acceptum
381 1553 492 1618 scribit
520 1553 736 1631 Philodemus,
761 1553 799 1617 de
827 1555 874 1617 ira
908 1554 956 1618 ed.
987 1553 1155 1638 Gomperz.
1184 1576 1260 1640 pag.
1289 1555 1331 1620 48

183 1666 345 1752 (col.12):
368 1664 471 1730 ἐνίοτε
494 1665 543 1728 καὶ
565 1665 654 1744 παρὰ
676 1666 760 1728 πολὺ
778 1663 821 1749 [ί]
847 1665 1076 1746 (ομβοίλλοοειν
1100 1665 1330 1746 ἰ(χιιροτέροι(’

72 1847 73 1850 ,
183 1779 222 1842 οὐ
244 1777 306 1856 γάρ
328 1777 367 1860 ἑᾷ
388 1774 557 1852 διακρίνειν
581 1773 600 1838 ὁ
622 1774 735 1853 θυμό(
759 1776 803 1840 ὡ(
827 1776 877 1839 καὶ
892 1776 1090 1855 Τιμοκράτην
1107 1777 1202 1856 φηάν
1225 1777 1244 1840 ὁ
1264 1777 1331 1855 Μη-

182 1888 349 1968 τρόδωρο(
364 1890 410 1968 τῷ
428 1884 635 1966 πρεεβυτάτιμ
649 1889 716 1950 τῶν
732 1886 886 1968 ἀδελφῶν
902 1885 1081 1970 Ἀκτορίδῃ.
1111 1885 1203 1949 Adde
1225 1885 1331 1969 etiam,

183 1996 269 2080 quod
295 1994 468 2058 maximum
502 1993 569 2077 ejus
597 1993 705 2058 odium
731 1995 854 2059 exstitit
883 1995 918 2058 in
945 1995 1134 2079 magistrum
1163 1994 1332 2078 ipsumque
1390 2028 1392 2031 ·

182 2107 330 2188 fratrem,
354 2104 437 2168 sicut
458 2102 580 2167 indicat
600 2103 805 2168 Philodemus
828 2105 899 2184 περὶ
921 2105 1098 2185 παῤῥηεία(
1122 2104 1156 2169 0.
1180 2104 1217 2168 P.
1241 2103 1289 2187 V,
1315 2107 1330 2167 1

184 2217 243 2281 col.
259 2215 302 2279 20
323 2214 373 2279 his
396 2214 516 2278 verbis:
540 2215 585 2279 ὼ(
601 2214 795 2293 Τιμοκράτη(
816 2215 866 2278 καὶ
889 2217 994 2293 φιλεῖν
1016 2215 1080 2296 ἔφη
1102 2216 1160 2282 τὸν
1183 2216 1330 2296 ἀδελφὸν

186 2329 231 2392 ὡ(
253 2326 359 2391 οὐδεὶ(
381 2326 432 2389 καὶ
453 2327 551 2404 μιεεῖν
576 2325 621 2389 ὡ(
643 2324 761 2389 οὐδείε.

269 2435 426 2499 Discessit
447 2434 547 2518 igitur
562 2432 706 2497 eschola
720 2433 879 2517 Epicurea
896 2432 1004 2520 (Diog.
1020 2434 1125 2500 laert.
1142 2435 1182 2520 X,
1198 2437 1247 2520 6),
1270 2459 1333 2520 quo

184 2547 270 2611 facto
286 2545 403 2609 librum
425 2544 512 2608 foras
535 2543 623 2607 dedit
645 2543 703 2607 sub
718 2544 812 2607 titulo
829 2546 1015 2627 Εὐφραντά,
1040 2546 1129 2629 cujus
1151 2546 1244 2628 quale
1266 2547 1333 2610 fue-

186 2656 229 2719 rit
252 2657 491 2739 argumentum,
517 2674 555 2716 ex
569 2651 716 2738 Diogene
740 2655 867 2717 constat
889 2653 923 2738 (l.
940 2655 992 2739 c).
1030 2655 1058 2719 Ε
1081 2656 1177 2720 trivio
1199 2656 1335 2740 arripuit

186 2763 424 2848 objurgationes
451 2763 583 2847 Epicuri
611 2785 706 2846 quam
734 2763 954 2846 spurcissimas
984 2766 1017 2828 et
1043 2763 1106 2829 huc
1134 2768 1229 2850 atque
1257 2766 1334 2830 illuc

187 2872 445 2938 circumcursant
471 2868 665 2958 magistrum
688 2873 898 2938 calumnians.
949 2873 1053 2939 Testis
1082 2879 1131 2940 est
1152 2857 1332 2960 Alciphron

186 2983 278 3067 epist.
307 2982 358 3066 11,
382 2983 418 3065 2,
443 2983 482 3046 10
506 2983 568 3066 (ed.
592 2982 733 3066 Seiler.):
756 2984 785 3048 τί
806 2989 908 3050 ποιεῖ(
931 2986 1109 3070 Ἐπίκουρεῑ
1140 2987 1201 3052 οὐκ
1230 2987 1333 3063 circu,

187 3094 237 3159 ὅτι
259 3096 459 3178 διακωμῳδεί
489 3113 521 3157 (ε
544 3094 740 3174 Τιμοκράτη(
763 3094 782 3157 ὁ
806 3096 1029 3175 Μητροδώρου
1054 3095 1157 3182 (οἱοί)
1187 3098 1239 3162 ἐπὶ
1260 3098 1333 3162 τού,-

186 3223 254 3269 τοι(
281 3204 316 3269 ἑν
345 3206 413 3267 ταῐ(
440 3203 627 3282 ἐκκληείαι(,
659 3204 695 3269 ἐν
723 3208 792 3269 τοῑ(
820 3205 982 3285 dedicore,
998 3190 1098 3285 ’παρὰ
1127 3211 1195 3271 τοῑ(
1224 3208 1335 3272 ἄλλοι(

187 3317 365 3394 (οφι(ταῑ(;
394 3309 461 3397 (Of.
485 3311 581 3397 Diog.
603 3310 708 3376 Laert.
733 3312 777 3396 X,
799 3314 846 3398 4.)
891 3312 1054 3398 Fortasse,
1084 3337 1147 3399 quo
1174 3317 1276 3402 magis
1305 3317 1334 3380 ei

188 3423 382 3504 crederetur,
412 3443 446 3486 se
467 3421 599 3506 Epicuri
621 3422 789 3506 opiniones
816 3444 912 3506 quam
934 3424 1071 3489 maxime
1093 3427 1205 3491 noxias
1228 3429 1335 3492 dolere

187 3532 356 3598 simulavit.
402 3531 520 3597 Scribit
548 3535 633 3596 certe
663 3531 777 3599 Suidas
805 3535 855 3619 (v.
879 3531 1065 3615 Ἐπίκουρο(
1088 3539 1148 3601 art.
1170 3537 1207 3620 2,
1237 3538 1279 3602 cf.
1306 3560 1333 3601 v.

187 3645 309 3728 κλάειν)
319 3645 322 3652 '
332 3642 475 3726 subjecto
498 3642 616 3706 omisso
638 3643 731 3708 haec:
755 3643 824 3710 εἶτα
839 3643 995 3725 ἀνέθορεν
1010 3647 1186 3733 Ἐπικούρῳ
1202 3650 1252 3712 καὶ
1266 3652 1333 3712 roric

188 3756 294 3824 δόξαι(
315 3754 423 3819 κλάειν
446 3754 567 3833 λέγων,
596 3775 676 3836 quae
698 3754 907 3837 probabiliter
929 3755 969 3818 ad
991 3754 1205 3823 Timocratem
1227 3757 1334 3822 existi·

188 3887 255 3929 mes
281 3862 457 3929 referenda.
515 3863 636 3938 Quibus
665 3864 942 3950 objurgationibus
972 3869 1150 3931 commotus
1177 3867 1334 3950 Epicurus

188 3975 307 4058 scripta
327 3973 428 4038 edidit
450 3973 599 4038 adversus
621 3974 711 4038 illum
731 3975 993 4040 calumniatorem
1016 3975 1096 4061 (Cic.
1113 3975 1153 4039 de
1167 3977 1232 4039 nat.
1247 3975 1333 4039 deor.

188 4084 214 4169 I,
230 4085 280 4168 33,
297 4085 370 4170 93),
394 4083 478 4148 unde
500 4083 595 4170 Diog.
618 4083 722 4148 Laert.
744 4083 783 4169 X,
798 4085 840 4150 28
863 4085 963 4152 libros
985 4086 1141 4151 memorat
1162 4085 1335 4169 inscriptos

188 4196 382 4276 Τιμοκράτη(
410 4197 442 4257 et
469 4196 552 4274 πρὸ(
573 4195 780 4274 Τιμοκράτην.
826 4195 907 4259 Item
930 4196 1026 4260 etiam
1048 4193 1209 4280 Diogenes
1232 4195 1271 4278 X,
1293 4196 1336 4259 24

190 4304 406 4369 Metrodorum
426 4305 471 4367 ait
490 4304 705 4387 composuisse
719 4305 835 4369 librum
851 4307 934 4386 πρὸ(
946 4307 1144 4388 Τιμοκράτην
1163 4310 1196 4370 et
1212 4305 1259 4388 Χ,
1276 4307 1335 4370 136
