2956 4942
664 309 874 372 „10-

197 503 252 545 sex
280 502 421 563 menses,
449 501 520 543 cum
543 479 672 542 domum
701 481 867 562 repeteret.
913 477 1146 554 Quam-obdas
1174 475 1340 559 Lampsaci

197 589 295 654 fuisse
316 588 598 672 Metrodorumque
621 609 658 651 eo
680 587 817 652 Athenis
839 589 1019 671 profectum
1042 609 1126 670 esse,
1150 585 1339 650 verisimilli-

196 722 284 764 mum
305 699 438 763 videtur.
477 698 570 764 Circa
591 720 619 762 a.
636 697 699 763 305
721 697 873 762 archonte
889 698 1084 762 Anaxicrate
1109 697 1216 782 (Diog.
1236 695 1339 760 Laert.

197 809 236 893 X,
251 809 286 893 2)
313 809 456 874 Athenas
479 809 667 893 magistrum
689 810 815 872 secutus
837 810 900 891 est,
931 808 987 872 ubi
1008 829 1058 872 res
1087 809 1119 871 et
1146 809 1222 870 tunc
1251 808 1340 870 erant

196 919 288 982 valde
315 918 460 982 turbidae
489 921 520 982 et
542 940 600 1000 per
621 920 737 1001 totam,
769 939 863 1000 quam
885 917 1023 981 Athenis
1051 918 1200 1001 egerunt,
1230 915 1339 997 vitam,

197 1028 359 1093 Demetrio
382 1027 562 1092 Poliorcete
584 1031 616 1091 et
638 1026 791 1091 Phalereo
809 1026 1049 1110 Cassandroque
1072 1026 1110 1090 de
1133 1025 1251 1109 oppido
1274 1047 1339 1089 cer-

197 1138 355 1222 tantibus,
384 1159 451 1202 non
478 1137 680 1201 sedabantur.
731 1135 823 1212 Quod
852 1136 957 1200 minus
987 1139 1134 1201 curantes
1163 1139 1210 1219 et,
1245 1159 1338 1220 quam

197 1235 333 1313 maxime
355 1248 423 1312 fieri
445 1249 583 1332 poterat,
613 1269 631 1311 a
653 1247 747 1311 rebus
768 1246 905 1330 publicis
934 1246 1109 1310 secundum
1131 1245 1263 1330 Epicuri
1286 1246 1339 1309 do·

197 1358 331 1422 utrinam
344 1357 372 1442 d)
402 1357 513 1441 alieni,
547 1357 687 1421 amicitia
714 1356 798 1420 inter
830 1378 863 1420 se
895 1356 1148 1439 conjunctissimi
1175 1357 1210 1420 in
1238 1356 1339 1420 hortis

195 1467 362 1551 Epicureis
389 1465 716 1550 philosophabantur,
750 1488 813 1530 una
842 1488 913 1530 cum
939 1465 1154 1548 Hermarcho,
1188 1465 1339 1549 Leonte0,

105 1570 108 1577 ’
195 1577 357 1659 Polyaeno
380 1579 413 1640 01
434 1576 514 1640 aliis.
560 1575 680 1640 Omnes
702 1598 776 1640 vero
800 1575 927 1640 scholae
949 1576 1108 1660 principes
1136 1597 1207 1640 cum
1229 1579 1351 1640 mutuo·

196 1686 425 1772 responderent
446 1686 547 1770 gratis
570 1686 699 1768 officiis,
722 1687 804 1750 hanc
826 1707 894 1749 rem
910 1686 1034 1770 saepius
1056 1685 1188 1750 laudant
1206 1685 1338 1769 scripto-

195 1818 255 1860 res.
299 1795 385 1860 Hinc
407 1796 505 1880 igitur
521 1795 643 1859 Seneca
665 1796 770 1880 (epist.
788 1795 847 1881 Vl)
871 1795 1114 1860 contubernium
1137 1797 1183 1860 ait
1204 1818 1338 1882 magnos
1412 1825 1416 1832 ·

195 1906 309 1970 fecisse
337 1906 422 1969 viros
451 1905 685 1988 Metrodorum,
714 1904 946 1969 Hermarchum
974 1909 1006 1969 et
1033 1906 1244 1989 Polyaenum,
1272 1928 1339 1970 non

196 2014 338 2080 scholam
360 2015 501 2100 Epicuri.
545 2015 637 2079 Adde
659 2015 836 2080 Philodem.
861 2015 899 2079 de
922 2018 1024 2080 morte
1046 2016 1081 2082 Ο.
1097 2015 1132 2080 P.
1155 2016 1202 2080 IX
1225 2019 1285 2081 col.
1304 2018 1338 2082 9:

195 2124 352 2189 Leonteus
381 2116 413 2189 ct
433 2123 634 2189 Metrodorus
657 2127 909 2207 θεραπευόμενοι
936 2126 990 2192 ὑπ’
1016 2127 1176 2206 ἀλλήλων.
1221 2128 1337 2211 Epicu·

195 2257 266 2299 rum
300 2256 375 2299 vero
403 2234 592 2299 Plutarchus
626 2234 748 2299 deridet
769 2236 951 2316 εἰρωνικῶς
978 2235 1219 2320 commiseram,
1253 2238 1339 2321 quod

195 2345 295 2409 vitam
318 2347 472 2411 διετέλεεε
499 2346 687 2425 θεραπεύων
710 2350 887 2412 ναεοῦνταε
914 2348 933 2425 ἢ
962 2353 1168 2426 καταθρηνῶν
1197 2348 1339 2428 ἀποθνή-

196 2477 328 2523 εκονταε
355 2457 435 2539 (000
456 2477 550 2538 posse
573 2476 659 2519 suav.
682 2455 743 2518 viv.
769 2456 850 2519 1103
866 2455 925 2540 A),
955 2455 1039 2538 quod
1060 2455 1211 2540 gaudium
1234 2480 1252 2520 a
1274 2457 1339 2521 Me-

195 2565 340 2648 trod0r0,
363 2564 524 2647 Polyaeno
549 2567 581 2628 et
595 2564 782 2628 Aristobulo
804 2565 976 2647 repetitum
998 2565 1048 2628 sit.
1093 2565 1212 2630 Contra
1234 2566 1339 2631 Philo-

196 2676 306 2740 demus
322 2673 359 2759 (1.
377 2695 401 2738 0.
417 2674 523 2760 colb)
538 2673 714 2756 Epicureos
729 2677 809 2739 κατὰ
825 2676 925 2751 λόγον
941 2674 1056 2738 vixisse
1071 2675 1212 2740 referens
1228 2677 1337 2740 colli

194 2786 279 2849 viros
301 2786 424 2848 tantum
446 2783 480 2847 in
501 2784 629 2868 proeliis
652 2785 774 2848 occisos
796 2784 943 2849 laudibus
967 2786 1076 2849 extolli
1099 2786 1245 2869 miratur,
1274 2809 1340 2851 non

195 2893 461 2976 Themistoclem,
494 2892 650 2959 Periclem
677 2897 710 2958 et
737 2897 962 2976 φυακωτέρωε
992 2896 1143 2978 ἐζηκόταε
1164 2895 1339 2980 Epicurum

195 3007 227 3068 01
248 3004 481 3069 Metrodorum.

280 3114 389 3178 Potuit
403 3115 511 3197 utique
526 3113 684 3198 Epicurus
699 3115 794 3178 modo
815 3115 920 3180 vivere
935 3117 1088 3200 suaviori,
1112 3117 1230 3201 quippe
1244 3140 1339 3201 quem

194 3245 261 3287 non
272 3246 442 3307 pauperem
458 3223 566 3307 fuisso,
581 3228 647 3288 tarn
663 3247 700 3288 ex
712 3225 926 3308 emptionibus
941 3225 1027 3289 hor'ti
1042 3226 1216 3310 domusque
1228 3225 1339 3312 (Diog.

195 3333 299 3398 Laert.
315 3333 355 3417 X,
373 3336 436 3418 17),
460 3355 554 3417 quam
576 3334 785 3398 cPhilodem.
802 3335 823 3399 l.
840 3357 865 3400 c.
883 3335 942 3399 col.
961 3338 977 3399 1
1001 3339 1162 3418 patescere
1184 3337 1337 3401 videatur.

194 3442 293 3507 Ducit
326 3443 454 3526 quidem
486 3443 695 3528 philosophus
724 3445 915 3509 Gadarensis
950 3467 1084 3529 magnas
1118 3445 1262 3510 fortunas
1292 3469 1337 3512 sa-

195 3553 295 3637 pienti
323 3575 475 3637 pcrquam
504 3557 630 3638 optatas
637 3604 646 3638 ,
679 3556 792 3638 quibus
815 3555 1035 3619 deficientibus
1062 3576 1130 3618 esse
1153 3557 1338 3640 amicorum,

174 3663 281 3745 bona
314 3683 385 3726 cum
419 3664 514 3747 inope
543 3666 786 3735 communicare.
839 3664 940 3740 Quam
975 3665 1166 3729 sententiam
1199 3667 1339 3730 illustrat

194 3771 282 3836 hisce
309 3772 431 3837 verbis:
466 3775 537 3840 ἀλλ’
566 3776 662 3842 οὐδὲν
694 3777 860 3857 ἀφαίρεειν
889 3777 1010 3840 ἐπεῖναι
1038 3776 1156 3856 ταύτην
1185 3778 1338 3861 ἐπῄεθετο

195 3883 369 3966 Πολυαίνῳ
398 3885 449 3948 καὶ
478 3885 686 3970 Μητροδώρῳ
715 3887 900 3966 ’,ἐπίκουρος
907 3935 916 3968 ,
950 3885 1033 3949 unde
1060 3884 1192 3968 Epicuri
1220 3887 1338 3950 amicos

195 3991 307 4075 inopes
335 3991 432 4055 fuisse
459 3996 545 4057 recte
574 3994 719 4079 collegit,
735 3972 739 3978 ’
755 3995 809 4077 qui
836 3993 1015 4059 Philodami
1042 3995 1159 4059 librum
1187 3995 1338 4078 restituit,

194 4100 269 4166 Ant.
299 4101 500 4167 Octavianus.
551 4101 730 4168 Sobrietate
764 4104 934 4189 autem]et
960 4104 1156 4187 parsimonia
1186 4126 1262 4170 usus
1290 4110 1339 4170 est

264 4339 287 4405 ⁶)
305 4336 369 4392 Vid.
386 4338 444 4391 not.
465 4338 501 4391 ad
519 4339 638 4393 Metrod.
656 4339 785 4408 sragmm.
805 4357 881 4393 num.
893 4338 986 4392 XVlll
998 4355 1056 4405 seq.
