<?xml version="1.0" encoding="UTF-8"?>
<!DOCTYPE html PUBLIC "-//W3C//DTD XHTML 1.0 Transitional//EN"
    "http://www.w3.org/TR/xhtml1/DTD/xhtml1-transitional.dtd">
<html xmlns="http://www.w3.org/1999/xhtml" xml:lang="en" lang="en">
 <head>
  <title>
</title>
<meta http-equiv="Content-Type" content="text/html;charset=utf-8" />
  <meta name='ocr-system' content='tesseract 3.04.00' />
  <meta name='ocr-capabilities' content='ocr_page ocr_carea ocr_par ocr_line ocrx_word'/>
</head>
<body>
  <div class='ocr_page' id='page_1' title='image "./demetrodoriepic00duengoog_0066.png"; bbox 0 0 2956 4942; ppageno 0'>
   <div class='ocr_carea' id='block_1_1' title="bbox 652 290 861 354">
    <p class='ocr_par' dir='ltr' id='par_1_1' title="bbox 652 290 861 354">
     <span class='ocr_line' id='line_1_1' title="bbox 652 290 861 354; baseline 0.01 -18"><span class='ocrx_word' id='word_1_1' title='bbox 652 290 861 354; x_wconf 59' lang='lat'><strong>,55-</strong></span> 
     </span>
    </p>
   </div>
   <div class='ocr_carea' id='block_1_2' title="bbox 180 459 1327 650">
    <p class='ocr_par' dir='ltr' id='par_1_2' title="bbox 180 459 1327 650">
     <span class='ocr_line' id='line_1_2' title="bbox 180 459 1327 545; baseline 0.004 -21"><span class='ocrx_word' id='word_1_2' title='bbox 180 460 272 524; x_wconf 80' lang='grc' dir='ltr'>τέλο(</span> <span class='ocrx_word' id='word_1_3' title='bbox 294 461 477 539; x_wconf 76' lang='grc' dir='ltr'>(υντηρήεει</span> <span class='ocrx_word' id='word_1_4' title='bbox 499 462 636 525; x_wconf 69' lang='grc' dir='ltr'>καὶπῶς</span> <span class='ocrx_word' id='word_1_5' title='bbox 650 481 696 525; x_wconf 79' lang='grc' dir='ltr'><strong>τι(</strong></span> <span class='ocrx_word' id='word_1_6' title='bbox 719 459 802 527; x_wconf 85' lang='grc' dir='ltr'>ἑκὼν</span> <span class='ocrx_word' id='word_1_7' title='bbox 824 460 908 527; x_wconf 84' lang='grc' dir='ltr'>εἶναι</span> <span class='ocrx_word' id='word_1_8' title='bbox 930 463 971 542; x_wconf 90' lang='grc' dir='ltr'><strong>μὴ</strong></span> <span class='ocrx_word' id='word_1_9' title='bbox 987 462 1147 543; x_wconf 71' lang='lat' dir='ltr'><strong>apoteca</strong></span> <span class='ocrx_word' id='word_1_10' title='bbox 1170 459 1203 532; x_wconf 82' lang='grc' dir='ltr'><strong>ἐξ</strong></span> <span class='ocrx_word' id='word_1_11' title='bbox 1226 462 1327 545; x_wconf 71' lang='grc' dir='ltr'>ἀρχῆς</span> 
     </span>
     <span class='ocr_line' id='line_1_3' title="bbox 181 570 688 650; baseline 0 -16"><span class='ocrx_word' id='word_1_12' title='bbox 181 570 233 635; x_wconf 85' lang='grc' dir='ltr'><strong>ἐπὶ</strong></span> <span class='ocrx_word' id='word_1_13' title='bbox 254 572 312 635; x_wconf 75' lang='grc' dir='ltr'><strong>τὰ(</strong></span> <span class='ocrx_word' id='word_1_14' title='bbox 334 574 400 636; x_wconf 85' lang='grc' dir='ltr'><strong>τῶν</strong></span> <span class='ocrx_word' id='word_1_15' title='bbox 423 573 555 649; x_wconf 82' lang='grc' dir='ltr'>πληθῶν</span> <span class='ocrx_word' id='word_1_16' title='bbox 578 570 688 650; x_wconf 76' lang='grc' dir='ltr'>ἀρχάεε</span> 
     </span>
    </p>
   </div>
   <div class='ocr_carea' id='block_1_3' title="bbox 123 771 1327 2395">
    <p class='ocr_par' dir='ltr' id='par_1_3' title="bbox 174 771 1327 1844">
     <span class='ocr_line' id='line_1_4' title="bbox 263 771 1327 857; baseline 0.007 -22"><span class='ocrx_word' id='word_1_17' title='bbox 263 771 342 836; x_wconf 88' lang='lat' dir='ltr'><strong>Post</strong></span> <span class='ocrx_word' id='word_1_18' title='bbox 363 771 424 836; x_wconf 93' lang='lat' dir='ltr'><strong>hoc</strong></span> <span class='ocrx_word' id='word_1_19' title='bbox 445 772 661 857; x_wconf 76' lang='lat' dir='ltr'><strong>fragmentum</strong></span> <span class='ocrx_word' id='word_1_20' title='bbox 682 771 872 837; x_wconf 77' lang='lat' dir='ltr'>Plutarchus</span> <span class='ocrx_word' id='word_1_21' title='bbox 895 772 1059 837; x_wconf 75' lang='lat' dir='ltr'><strong>dumtaxat</strong></span> <span class='ocrx_word' id='word_1_22' title='bbox 1080 774 1186 838; x_wconf 88' lang='lat' dir='ltr'><strong>verbis</strong></span> <span class='ocrx_word' id='word_1_23' title='bbox 1209 778 1260 842; x_wconf 88' lang='grc' dir='ltr'><strong>καὶ</strong></span> <span class='ocrx_word' id='word_1_24' title='bbox 1281 777 1327 842; x_wconf 84' lang='grc' dir='ltr'><strong>ἔτι</strong></span> 
     </span>
     <span class='ocr_line' id='line_1_5' title="bbox 177 881 1326 968; baseline 0.002 -20"><span class='ocrx_word' id='word_1_25' title='bbox 177 887 276 948; x_wconf 83' lang='grc' dir='ltr'>ταῦτα</span> <span class='ocrx_word' id='word_1_26' title='bbox 298 884 381 963; x_wconf 73' lang='grc' dir='ltr'>πρὸ(</span> <span class='ocrx_word' id='word_1_27' title='bbox 404 883 537 948; x_wconf 68' lang='grc' dir='ltr'>ἐκείνοις</span> <span class='ocrx_word' id='word_1_28' title='bbox 559 881 742 965; x_wconf 82' lang='lat' dir='ltr'><strong>praemissis</strong></span> <span class='ocrx_word' id='word_1_29' title='bbox 766 882 857 946; x_wconf 86' lang='lat' dir='ltr'><strong>affert</strong></span> <span class='ocrx_word' id='word_1_30' title='bbox 878 883 992 968; x_wconf 81' lang='lat' dir='ltr'><strong>fragm.</strong></span> <span class='ocrx_word' id='word_1_31' title='bbox 1016 906 1104 948; x_wconf 89' lang='lat' dir='ltr'><strong>num.</strong></span> <span class='ocrx_word' id='word_1_32' title='bbox 1120 883 1213 968; x_wconf 88' lang='lat' dir='ltr'>XVI,</span> <span class='ocrx_word' id='word_1_33' title='bbox 1242 885 1326 951; x_wconf 89' lang='lat' dir='ltr'><strong>unde</strong></span> 
     </span>
     <span class='ocr_line' id='line_1_6' title="bbox 176 991 1325 1081; baseline 0.005 -26"><span class='ocrx_word' id='word_1_34' title='bbox 176 993 326 1076; x_wconf 84' lang='lat' dir='ltr'><strong>patescit,</strong></span> <span class='ocrx_word' id='word_1_35' title='bbox 349 991 446 1056; x_wconf 89' lang='lat' dir='ltr'><strong>etiam</strong></span> <span class='ocrx_word' id='word_1_36' title='bbox 468 991 684 1077; x_wconf 75' lang='lat' dir='ltr'><strong>fragmentum</strong></span> <span class='ocrx_word' id='word_1_37' title='bbox 706 992 801 1056; x_wconf 92' lang='lat' dir='ltr'><strong>modo</strong></span> <span class='ocrx_word' id='word_1_38' title='bbox 825 993 1019 1076; x_wconf 88' lang='lat' dir='ltr'><strong>exscriptum</strong></span> <span class='ocrx_word' id='word_1_39' title='bbox 1043 994 1162 1080; x_wconf 83' lang='grc' dir='ltr'>(λέγειν</span> <span class='ocrx_word' id='word_1_40' title='bbox 1177 1000 1227 1061; x_wconf 81' lang='grc' dir='ltr'><strong>δεῖ</strong></span> <span class='ocrx_word' id='word_1_41' title='bbox 1242 999 1325 1081; x_wconf 83' lang='grc' dir='ltr'>κτλ.)</span> 
     </span>
     <span class='ocr_line' id='line_1_7' title="bbox 177 1089 1324 1190; baseline 0.007 -26"><span class='ocrx_word' id='word_1_42' title='bbox 177 1102 358 1165; x_wconf 89' lang='lat' dir='ltr'><strong>Metrodoro</strong></span> <span class='ocrx_word' id='word_1_43' title='bbox 387 1102 590 1166; x_wconf 88' lang='lat' dir='ltr'><strong>tribuendum</strong></span> <span class='ocrx_word' id='word_1_44' title='bbox 618 1089 695 1167; x_wconf 87' lang='lat' dir='ltr'><strong>esse.</strong></span> <span class='ocrx_word' id='word_1_45' title='bbox 747 1104 946 1185; x_wconf 78' lang='lat' dir='ltr'><strong>l&#39;pdpovrec,</strong></span> <span class='ocrx_word' id='word_1_46' title='bbox 987 1104 1245 1190; x_wconf 69' lang='grc' dir='ltr'>ἀποφαίνοντες,</span> <span class='ocrx_word' id='word_1_47' title='bbox 1273 1108 1324 1172; x_wconf 82' lang='grc' dir='ltr'><strong>λέ-</strong></span> 
     </span>
     <span class='ocr_line' id='line_1_8' title="bbox 176 1212 1324 1298; baseline 0.002 -20"><span class='ocrx_word' id='word_1_48' title='bbox 176 1233 289 1290; x_wconf 82' lang='grc' dir='ltr'>γοντε(</span> <span class='ocrx_word' id='word_1_49' title='bbox 319 1215 482 1295; x_wconf 89' lang='lat' dir='ltr'><strong>ceteraque</strong></span> <span class='ocrx_word' id='word_1_50' title='bbox 510 1212 682 1296; x_wconf 86' lang='lat' dir='ltr'><strong>participia</strong></span> <span class='ocrx_word' id='word_1_51' title='bbox 708 1234 840 1276; x_wconf 90' lang='lat' dir='ltr'><strong>numero</strong></span> <span class='ocrx_word' id='word_1_52' title='bbox 868 1213 984 1296; x_wconf 84' lang='lat' dir='ltr'><strong>plurali</strong></span> <span class='ocrx_word' id='word_1_53' title='bbox 1012 1217 1163 1298; x_wconf 90' lang='lat' dir='ltr'><strong>usurpata</strong></span> <span class='ocrx_word' id='word_1_54' title='bbox 1192 1219 1324 1280; x_wconf 91' lang='lat' dir='ltr'><strong>cunctos</strong></span> 
     </span>
     <span class='ocr_line' id='line_1_9' title="bbox 175 1321 1323 1408; baseline 0.005 -24"><span class='ocrx_word' id='word_1_55' title='bbox 175 1323 209 1384; x_wconf 93' lang='lat' dir='ltr'><strong>in</strong></span> <span class='ocrx_word' id='word_1_56' title='bbox 228 1322 410 1386; x_wconf 89' lang='lat' dir='ltr'><strong>universum</strong></span> <span class='ocrx_word' id='word_1_57' title='bbox 433 1322 618 1407; x_wconf 87' lang='lat' dir='ltr'><strong>significant</strong></span> <span class='ocrx_word' id='word_1_58' title='bbox 632 1321 806 1406; x_wconf 80' lang='lat' dir='ltr'><strong>Epicureos</strong></span> <span class='ocrx_word' id='word_1_59' title='bbox 813 1372 822 1406; x_wconf 85' lang='lat'><em>,</em></span> <span class='ocrx_word' id='word_1_60' title='bbox 846 1345 980 1406; x_wconf 90' lang='lat' dir='ltr'><strong>quorum</strong></span> <span class='ocrx_word' id='word_1_61' title='bbox 1002 1345 1116 1407; x_wconf 88' lang='lat' dir='ltr'><strong>unum,</strong></span> <span class='ocrx_word' id='word_1_62' title='bbox 1140 1328 1175 1388; x_wconf 93' lang='lat' dir='ltr'><strong>ut</strong></span> <span class='ocrx_word' id='word_1_63' title='bbox 1189 1325 1323 1408; x_wconf 85' lang='lat' dir='ltr'><strong>videtur,</strong></span> 
     </span>
     <span class='ocr_line' id='line_1_10' title="bbox 176 1431 1321 1516; baseline 0.006 -22"><span class='ocrx_word' id='word_1_64' title='bbox 176 1431 395 1496; x_wconf 72' lang='lat' dir='ltr'><strong>Metrodorum</strong></span> <span class='ocrx_word' id='word_1_65' title='bbox 409 1431 600 1496; x_wconf 84' lang='lat' dir='ltr'><strong>Plutarchus</strong></span> <span class='ocrx_word' id='word_1_66' title='bbox 623 1433 718 1496; x_wconf 91' lang='lat' dir='ltr'><strong>etiam</strong></span> <span class='ocrx_word' id='word_1_67' title='bbox 733 1432 837 1497; x_wconf 86' lang='lat' dir='ltr'><strong>verbis</strong></span> <span class='ocrx_word' id='word_1_68' title='bbox 852 1434 910 1499; x_wconf 88' lang='grc' dir='ltr'><strong>τὸν</strong></span> <span class='ocrx_word' id='word_1_69' title='bbox 925 1437 981 1512; x_wconf 82' lang='grc' dir='ltr'><strong>τῆ(</strong></span> <span class='ocrx_word' id='word_1_70' title='bbox 997 1434 1164 1514; x_wconf 72' lang='grc' dir='ltr'>ἀταραξία(</span> <span class='ocrx_word' id='word_1_71' title='bbox 1186 1472 1229 1483; x_wconf 78' lang='lat'>-</span> <span class='ocrx_word' id='word_1_72' title='bbox 1250 1437 1321 1516; x_wconf 84' lang='grc' dir='ltr'>ἠγε-</span> 
     </span>
     <span class='ocr_line' id='line_1_11' title="bbox 176 1541 1322 1627; baseline 0.001 -20"><span class='ocrx_word' id='word_1_73' title='bbox 176 1543 300 1622; x_wconf 74' lang='lat' dir='ltr'><strong>portui(</strong></span> <span class='ocrx_word' id='word_1_74' title='bbox 324 1541 375 1627; x_wconf 87' lang='grc' dir='ltr'><strong>(τὸ</strong></span> <span class='ocrx_word' id='word_1_75' title='bbox 399 1544 573 1623; x_wconf 77' lang='grc' dir='ltr'>βααλεύειν</span> <span class='ocrx_word' id='word_1_76' title='bbox 587 1580 629 1589; x_wconf 89' lang='grc'><strong>-</strong></span> <span class='ocrx_word' id='word_1_77' title='bbox 646 1543 855 1624; x_wconf 70' lang='grc' dir='ltr'>διάπτωανῗ)</span> <span class='ocrx_word' id='word_1_78' title='bbox 878 1542 1001 1626; x_wconf 76' lang='lat' dir='ltr'><strong>laudat‚&#39;</strong></span> <span class='ocrx_word' id='word_1_79' title='bbox 1025 1566 1105 1627; x_wconf 91' lang='lat' dir='ltr'><strong>quae</strong></span> <span class='ocrx_word' id='word_1_80' title='bbox 1121 1544 1322 1610; x_wconf 79' lang='lat' dir='ltr'><strong>Metrodorus</strong></span> 
     </span>
     <span class='ocr_line' id='line_1_12' title="bbox 174 1640 1321 1739; baseline 0.004 -25"><span class='ocrx_word' id='word_1_81' title='bbox 174 1651 277 1715; x_wconf 89' lang='lat' dir='ltr'><strong>verbis</strong></span> <span class='ocrx_word' id='word_1_82' title='bbox 293 1652 406 1737; x_wconf 87' lang='lat' dir='ltr'><strong>fragm.</strong></span> <span class='ocrx_word' id='word_1_83' title='bbox 423 1651 533 1717; x_wconf 90' lang='lat' dir='ltr'>XVII:</span> <span class='ocrx_word' id='word_1_84' title='bbox 558 1654 628 1718; x_wconf 84' lang='grc' dir='ltr'><strong>οὐδ’</strong></span> <span class='ocrx_word' id='word_1_85' title='bbox 642 1654 695 1718; x_wconf 80' lang='grc' dir='ltr'><strong>ἐπὶ</strong></span> <span class='ocrx_word' id='word_1_86' title='bbox 718 1655 815 1738; x_wconf 75' lang='lat' dir='ltr'><strong>coptu</strong></span> <span class='ocrx_word' id='word_1_87' title='bbox 836 1654 1006 1735; x_wconf 81' lang='grc' dir='ltr'>(τεφάνων</span> <span class='ocrx_word' id='word_1_88' title='bbox 1022 1640 1190 1735; x_wconf 65' lang='grc' dir='ltr'>τυγχάνεια</span> <span class='ocrx_word' id='word_1_89' title='bbox 1213 1658 1321 1739; x_wconf 89' lang='lat' dir='ltr'><strong>aperte</strong></span> 
     </span>
     <span class='ocr_line' id='line_1_13' title="bbox 174 1761 332 1844; baseline 0.013 -22"><span class='ocrx_word' id='word_1_90' title='bbox 174 1761 332 1844; x_wconf 90' lang='lat' dir='ltr'><strong>opposuit.</strong></span> 
     </span>
    </p>

    <p class='ocr_par' dir='ltr' id='par_1_4' title="bbox 123 1881 788 2068">
     <span class='ocr_line' id='line_1_14' title="bbox 700 1881 788 1935; baseline -0.011 0"><span class='ocrx_word' id='word_1_91' title='bbox 700 1881 788 1935; x_wconf 88' lang='lat' dir='ltr'><strong>XXI.</strong></span> 
     </span>
     <span class='ocr_line' id='line_1_15' title="bbox 123 1980 677 2068; baseline -0.002 -22"><span class='ocrx_word' id='word_1_92' title='bbox 123 2063 126 2068; x_wconf 20' lang='lat'>¹</span> <span class='ocrx_word' id='word_1_93' title='bbox 325 1981 413 2046; x_wconf 80' lang='lat' dir='ltr'><strong>Stob.</strong></span> <span class='ocrx_word' id='word_1_94' title='bbox 435 1981 527 2044; x_wconf 91' lang='lat' dir='ltr'><strong>floril.</strong></span> <span class='ocrx_word' id='word_1_95' title='bbox 551 1980 603 2064; x_wconf 73' lang='lat'><strong>45,</strong></span> <span class='ocrx_word' id='word_1_96' title='bbox 626 1981 677 2046; x_wconf 77' lang='lat'><strong>26.</strong></span> 
     </span>
    </p>

    <p class='ocr_par' dir='ltr' id='par_1_5' title="bbox 215 2093 451 2172">
     <span class='ocr_line' id='line_1_16' title="bbox 215 2093 451 2172; baseline -0.004 -14"><span class='ocrx_word' id='word_1_97' title='bbox 215 2093 451 2172; x_wconf 72' lang='grc' dir='ltr'>Μητρόδωρος·</span> 
     </span>
    </p>

    <p class='ocr_par' dir='ltr' id='par_1_6' title="bbox 171 2202 1319 2395">
     <span class='ocr_line' id='line_1_17' title="bbox 255 2202 1319 2286; baseline 0.006 -20"><span class='ocrx_word' id='word_1_98' title='bbox 255 2203 306 2268; x_wconf 83' lang='grc' dir='ltr'><strong>Ἐν</strong></span> <span class='ocrx_word' id='word_1_99' title='bbox 330 2203 422 2267; x_wconf 77' lang='grc' dir='ltr'>πόλει</span> <span class='ocrx_word' id='word_1_100' title='bbox 439 2205 515 2284; x_wconf 89' lang='grc' dir='ltr'>μήτε</span> <span class='ocrx_word' id='word_1_101' title='bbox 539 2202 584 2268; x_wconf 79' lang='grc' dir='ltr'><strong>ὼε</strong></span> <span class='ocrx_word' id='word_1_102' title='bbox 601 2202 686 2267; x_wconf 83' lang='grc' dir='ltr'>λέων</span> <span class='ocrx_word' id='word_1_103' title='bbox 710 2202 928 2284; x_wconf 75' lang='grc' dir='ltr'>ἀναετρέφου,</span> <span class='ocrx_word' id='word_1_104' title='bbox 951 2205 1028 2286; x_wconf 85' lang='grc' dir='ltr'>μήτε</span> <span class='ocrx_word' id='word_1_105' title='bbox 1052 2205 1098 2271; x_wconf 70' lang='grc' dir='ltr'><strong>ὡς</strong></span> <span class='ocrx_word' id='word_1_106' title='bbox 1119 2205 1258 2286; x_wconf 85' lang='grc' dir='ltr'>κώνωψ·</span> <span class='ocrx_word' id='word_1_107' title='bbox 1280 2207 1319 2272; x_wconf 89' lang='grc' dir='ltr'><strong>τὸ</strong></span> 
     </span>
     <span class='ocr_line' id='line_1_18' title="bbox 171 2313 963 2395; baseline 0.004 -19"><span class='ocrx_word' id='word_1_108' title='bbox 171 2314 228 2393; x_wconf 84' lang='grc' dir='ltr'><strong>μὲν</strong></span> <span class='ocrx_word' id='word_1_109' title='bbox 250 2313 311 2392; x_wconf 87' lang='grc' dir='ltr'><strong>γὰρ</strong></span> <span class='ocrx_word' id='word_1_110' title='bbox 335 2313 533 2395; x_wconf 81' lang='grc' dir='ltr'>ἐκπατεῑται,</span> <span class='ocrx_word' id='word_1_111' title='bbox 555 2314 592 2379; x_wconf 83' lang='grc' dir='ltr'><strong>τὸ</strong></span> <span class='ocrx_word' id='word_1_112' title='bbox 616 2313 659 2378; x_wconf 79' lang='grc' dir='ltr'><strong>δὲ·</strong></span> <span class='ocrx_word' id='word_1_113' title='bbox 674 2317 963 2394; x_wconf 77' lang='grc' dir='ltr'>καιροφυλακεῖται.</span> 
     </span>
    </p>
   </div>
   <div class='ocr_carea' id='block_1_4' title="bbox 166 2514 1340 3260">
    <p class='ocr_par' dir='ltr' id='par_1_7' title="bbox 169 2514 1340 2688">
     <span class='ocr_line' id='line_1_19' title="bbox 253 2514 1317 2609; baseline 0.004 -31"><span class='ocrx_word' id='word_1_114' title='bbox 253 2514 385 2578; x_wconf 82' lang='lat' dir='ltr'><strong>Passiva</strong></span> <span class='ocrx_word' id='word_1_115' title='bbox 422 2514 591 2578; x_wconf 78' lang='lat' dir='ltr'><strong>uerborum</strong></span> <span class='ocrx_word' id='word_1_116' title='bbox 626 2517 773 2582; x_wconf 78' lang='grc' dir='ltr'>ἐκπατεῖν</span> <span class='ocrx_word' id='word_1_117' title='bbox 808 2519 840 2580; x_wconf 90' lang='lat' dir='ltr'><strong>et</strong></span> <span class='ocrx_word' id='word_1_118' title='bbox 877 2520 1125 2598; x_wconf 85' lang='grc' dir='ltr'>καιροφυλακεῑν</span> <span class='ocrx_word' id='word_1_119' title='bbox 1160 2539 1317 2609; x_wconf 71' lang='lat' dir='ltr'><strong>nusquam</strong></span> 
     </span>
     <span class='ocr_line' id='line_1_20' title="bbox 169 2615 1340 2688; baseline -0.004 0"><span class='ocrx_word' id='word_1_120' title='bbox 169 2624 245 2688; x_wconf 88' lang='lat' dir='ltr'><strong>alibi</strong></span> <span class='ocrx_word' id='word_1_121' title='bbox 267 2625 405 2688; x_wconf 83' lang='lat' dir='ltr'><strong>invenio</strong></span> <span class='ocrx_word' id='word_1_122' title='bbox 650 2677 661 2685; x_wconf 90' lang='lat'><strong>.</strong></span> <span class='ocrx_word' id='word_1_123' title='bbox 1332 2615 1340 2625; x_wconf 55' lang='lat'>⁸</span> 
     </span>
    </p>

    <p class='ocr_par' dir='ltr' id='par_1_8' title="bbox 166 2730 1316 3260">
     <span class='ocr_line' id='line_1_21' title="bbox 252 2730 1316 2820; baseline 0.004 -22"><span class='ocrx_word' id='word_1_124' title='bbox 252 2734 410 2818; x_wconf 81' lang='lat' dir='ltr'><strong>Epicurus</strong></span> <span class='ocrx_word' id='word_1_125' title='bbox 433 2738 514 2799; x_wconf 90' lang='lat' dir='ltr'><strong>teste</strong></span> <span class='ocrx_word' id='word_1_126' title='bbox 535 2730 663 2799; x_wconf 88' lang='lat' dir='ltr'><strong>Laertio</strong></span> <span class='ocrx_word' id='word_1_127' title='bbox 682 2734 723 2818; x_wconf 81' lang='lat' dir='ltr'><strong>X,</strong></span> <span class='ocrx_word' id='word_1_128' title='bbox 740 2735 801 2799; x_wconf 85' lang='lat'><strong>119</strong></span> <span class='ocrx_word' id='word_1_129' title='bbox 822 2735 857 2799; x_wconf 94' lang='lat' dir='ltr'><strong>in</strong></span> <span class='ocrx_word' id='word_1_130' title='bbox 879 2736 982 2820; x_wconf 91' lang='lat' dir='ltr'><strong>primo</strong></span> <span class='ocrx_word' id='word_1_131' title='bbox 1006 2735 1045 2799; x_wconf 91' lang='lat' dir='ltr'><strong>de</strong></span> <span class='ocrx_word' id='word_1_132' title='bbox 1067 2735 1141 2800; x_wconf 83' lang='lat' dir='ltr'><strong>vitis</strong></span> <span class='ocrx_word' id='word_1_133' title='bbox 1163 2736 1245 2801; x_wconf 91' lang='lat' dir='ltr'><strong>libro</strong></span> <span class='ocrx_word' id='word_1_134' title='bbox 1269 2761 1316 2802; x_wconf 89' lang='lat' dir='ltr'><strong>sa-</strong></span> 
     </span>
     <span class='ocr_line' id='line_1_22' title="bbox 168 2835 1316 2930; baseline 0.003 -22"><span class='ocrx_word' id='word_1_135' title='bbox 168 2845 309 2928; x_wconf 90' lang='lat' dir='ltr'><strong>pientem</strong></span> <span class='ocrx_word' id='word_1_136' title='bbox 346 2845 493 2928; x_wconf 84' lang='lat' dir='ltr'><strong>exposuit</strong></span> <span class='ocrx_word' id='word_1_137' title='bbox 520 2846 560 2911; x_wconf 80' lang='lat' dir='ltr'><strong>ot</strong></span> <span class='ocrx_word' id='word_1_138' title='bbox 588 2847 841 2930; x_wconf 75' lang='lat' dir='ltr'><strong>uotrrstcectou,</strong></span> <span class='ocrx_word' id='word_1_139' title='bbox 875 2847 952 2912; x_wconf 82' lang='grc' dir='ltr'>οὐδὲ</span> <span class='ocrx_word' id='word_1_140' title='bbox 981 2846 1219 2930; x_wconf 78' lang='grc' dir='ltr'>τυραννεύεειν,</span> <span class='ocrx_word' id='word_1_141' title='bbox 1254 2835 1316 2912; x_wconf 81' lang='lat' dir='ltr'><strong>hoc</strong></span> 
     </span>
     <span class='ocr_line' id='line_1_23' title="bbox 168 2953 1315 3040; baseline 0.004 -23"><span class='ocrx_word' id='word_1_142' title='bbox 168 2953 295 3038; x_wconf 89' lang='lat' dir='ltr'><strong>quidem</strong></span> <span class='ocrx_word' id='word_1_143' title='bbox 318 2954 470 3038; x_wconf 87' lang='lat' dir='ltr'><strong>consilio,</strong></span> <span class='ocrx_word' id='word_1_144' title='bbox 499 2958 536 3018; x_wconf 92' lang='lat' dir='ltr'><strong>ut</strong></span> <span class='ocrx_word' id='word_1_145' title='bbox 556 2955 754 3039; x_wconf 88' lang='lat' dir='ltr'><strong>prohiberet,</strong></span> <span class='ocrx_word' id='word_1_146' title='bbox 782 2978 823 3020; x_wconf 89' lang='lat' dir='ltr'><strong>ne</strong></span> <span class='ocrx_word' id='word_1_147' title='bbox 846 2956 916 3040; x_wconf 90' lang='lat' dir='ltr'><strong>quis</strong></span> <span class='ocrx_word' id='word_1_148' title='bbox 938 2955 1167 3020; x_wconf 85' lang='lat' dir='ltr'><strong>beatitudinem</strong></span> <span class='ocrx_word' id='word_1_149' title='bbox 1190 2978 1315 3022; x_wconf 88' lang='lat' dir='ltr'><strong>assecu-</strong></span> 
     </span>
     <span class='ocr_line' id='line_1_24' title="bbox 166 3062 1314 3152; baseline 0.005 -26"><span class='ocrx_word' id='word_1_150' title='bbox 166 3068 256 3127; x_wconf 87' lang='lat' dir='ltr'><strong>turus</strong></span> <span class='ocrx_word' id='word_1_151' title='bbox 271 3063 446 3127; x_wconf 87' lang='lat' dir='ltr'><strong>honoribus</strong></span> <span class='ocrx_word' id='word_1_152' title='bbox 466 3064 659 3148; x_wconf 90' lang='lat' dir='ltr'><strong>reipublicae</strong></span> <span class='ocrx_word' id='word_1_153' title='bbox 682 3064 883 3149; x_wconf 81' lang='lat' dir='ltr'><strong>capessendis</strong></span> <span class='ocrx_word' id='word_1_154' title='bbox 905 3062 1109 3148; x_wconf 88' lang='lat' dir='ltr'><strong>imperiisque</strong></span> <span class='ocrx_word' id='word_1_155' title='bbox 1131 3066 1314 3152; x_wconf 86' lang='lat' dir='ltr'><strong>ambitione,</strong></span> 
     </span>
     <span class='ocr_line' id='line_1_25' title="bbox 166 3173 1313 3260; baseline 0.003 -24"><span class='ocrx_word' id='word_1_156' title='bbox 166 3173 250 3237; x_wconf 89' lang='lat' dir='ltr'><strong>vitae</strong></span> <span class='ocrx_word' id='word_1_157' title='bbox 277 3195 297 3237; x_wconf 88' lang='lat' dir='ltr'><strong>a</strong></span> <span class='ocrx_word' id='word_1_158' title='bbox 323 3174 616 3257; x_wconf 86' lang='lat' dir='ltr'><strong>perturbationibus</strong></span> <span class='ocrx_word' id='word_1_159' title='bbox 649 3175 768 3239; x_wconf 86' lang='lat' dir='ltr'><strong>liberae</strong></span> <span class='ocrx_word' id='word_1_160' title='bbox 796 3176 892 3260; x_wconf 89' lang='lat' dir='ltr'><strong>plane</strong></span> <span class='ocrx_word' id='word_1_161' title='bbox 920 3175 1096 3259; x_wconf 83' lang='lat' dir='ltr'><strong>contraria,</strong></span> <span class='ocrx_word' id='word_1_162' title='bbox 1130 3176 1313 3241; x_wconf 89' lang='lat' dir='ltr'><strong>obtinendis</strong></span> 
     </span>
    </p>
   </div>
   <div class='ocr_carea' id='block_1_5' title="bbox 154 3281 1134 3370">
    <p class='ocr_par' dir='ltr' id='par_1_9' title="bbox 154 3281 1134 3370">
     <span class='ocr_line' id='line_1_26' title="bbox 154 3281 1134 3370; baseline 0.003 -23"><span class='ocrx_word' id='word_1_163' title='bbox 154 3302 235 3348; x_wconf 64' lang='lat' dir='ltr'><strong>‘sese</strong></span> <span class='ocrx_word' id='word_1_164' title='bbox 258 3283 394 3348; x_wconf 88' lang='lat' dir='ltr'><strong>dederet.</strong></span> <span class='ocrx_word' id='word_1_165' title='bbox 440 3282 487 3350; x_wconf 80' lang='lat' dir='ltr'><strong>Of.</strong></span> <span class='ocrx_word' id='word_1_166' title='bbox 511 3284 636 3349; x_wconf 90' lang='lat' dir='ltr'><strong>Lucret.</strong></span> <span class='ocrx_word' id='word_1_167' title='bbox 660 3284 698 3349; x_wconf 89' lang='lat' dir='ltr'><strong>de</strong></span> <span class='ocrx_word' id='word_1_168' title='bbox 720 3287 785 3348; x_wconf 89' lang='lat' dir='ltr'><strong>nat.</strong></span> <span class='ocrx_word' id='word_1_169' title='bbox 808 3281 868 3350; x_wconf 86' lang='lat' dir='ltr'><strong>rer.</strong></span> <span class='ocrx_word' id='word_1_170' title='bbox 891 3284 931 3369; x_wconf 85' lang='lat' dir='ltr'><strong>V,</strong></span> <span class='ocrx_word' id='word_1_171' title='bbox 956 3285 1038 3350; x_wconf 78' lang='lat'>1129</span> <span class='ocrx_word' id='word_1_172' title='bbox 1053 3307 1134 3370; x_wconf 90' lang='lat' dir='ltr'><strong>seq.:</strong></span> 
     </span>
    </p>
   </div>
   <div class='ocr_carea' id='block_1_6' title="bbox 318 3417 1145 3605">
    <p class='ocr_par' dir='ltr' id='par_1_10' title="bbox 318 3417 1145 3605">
     <span class='ocr_line' id='line_1_27' title="bbox 318 3417 1020 3494; baseline 0.003 -20"><span class='ocrx_word' id='word_1_173' title='bbox 318 3420 353 3476; x_wconf 93' lang='lat' dir='ltr'><strong>ut</strong></span> <span class='ocrx_word' id='word_1_174' title='bbox 374 3417 467 3476; x_wconf 85' lang='lat' dir='ltr'><strong>satius</strong></span> <span class='ocrx_word' id='word_1_175' title='bbox 488 3417 583 3476; x_wconf 92' lang='lat' dir='ltr'><strong>multo</strong></span> <span class='ocrx_word' id='word_1_176' title='bbox 601 3417 665 3493; x_wconf 88' lang='lat' dir='ltr'><strong>jam</strong></span> <span class='ocrx_word' id='word_1_177' title='bbox 687 3417 727 3477; x_wconf 91' lang='lat' dir='ltr'><strong>sit</strong></span> <span class='ocrx_word' id='word_1_178' title='bbox 748 3437 852 3494; x_wconf 89' lang='lat' dir='ltr'><strong>parere</strong></span> <span class='ocrx_word' id='word_1_179' title='bbox 875 3419 1020 3494; x_wconf 89' lang='lat' dir='ltr'><strong>quietem,</strong></span> 
     </span>
     <span class='ocr_line' id='line_1_28' title="bbox 319 3527 1145 3605; baseline 0.004 -21"><span class='ocrx_word' id='word_1_180' title='bbox 319 3545 409 3602; x_wconf 88' lang='lat' dir='ltr'><strong>quam</strong></span> <span class='ocrx_word' id='word_1_181' title='bbox 430 3545 533 3603; x_wconf 85' lang='lat' dir='ltr'><strong>regere</strong></span> <span class='ocrx_word' id='word_1_182' title='bbox 555 3527 681 3603; x_wconf 89' lang='lat' dir='ltr'><strong>imperio</strong></span> <span class='ocrx_word' id='word_1_183' title='bbox 702 3546 750 3586; x_wconf 89' lang='lat' dir='ltr'><strong>res</strong></span> <span class='ocrx_word' id='word_1_184' title='bbox 772 3528 848 3587; x_wconf 85' lang='lat' dir='ltr'><strong>velle</strong></span> <span class='ocrx_word' id='word_1_185' title='bbox 869 3531 900 3587; x_wconf 88' lang='lat' dir='ltr'><strong>et</strong></span> <span class='ocrx_word' id='word_1_186' title='bbox 921 3547 1013 3605; x_wconf 86' lang='lat' dir='ltr'><strong>regna</strong></span> <span class='ocrx_word' id='word_1_187' title='bbox 1035 3531 1145 3588; x_wconf 87' lang='lat' dir='ltr'><strong>tenere.</strong></span> 
     </span>
    </p>
   </div>
   <div class='ocr_carea' id='block_1_7' title="bbox 95 3647 1311 4372">
    <p class='ocr_par' dir='ltr' id='par_1_11' title="bbox 95 3647 1311 4372">
     <span class='ocr_line' id='line_1_29' title="bbox 164 3647 1311 3736; baseline 0.003 -24"><span class='ocrx_word' id='word_1_188' title='bbox 164 3647 276 3730; x_wconf 91' lang='lat' dir='ltr'><strong>Itaque</strong></span> <span class='ocrx_word' id='word_1_189' title='bbox 305 3647 339 3711; x_wconf 94' lang='lat' dir='ltr'><strong>in</strong></span> <span class='ocrx_word' id='word_1_190' title='bbox 360 3647 411 3712; x_wconf 93' lang='lat' dir='ltr'><strong>his</strong></span> <span class='ocrx_word' id='word_1_191' title='bbox 433 3647 609 3712; x_wconf 89' lang='lat' dir='ltr'><strong>Metrodori</strong></span> <span class='ocrx_word' id='word_1_192' title='bbox 636 3649 825 3734; x_wconf 88' lang='lat' dir='ltr'><strong>fragmentis</strong></span> <span class='ocrx_word' id='word_1_193' title='bbox 848 3670 903 3714; x_wconf 90' lang='lat' dir='ltr'><strong>eos</strong></span> <span class='ocrx_word' id='word_1_194' title='bbox 931 3649 1055 3713; x_wconf 76' lang='lat' dir='ltr'><strong>nrideri</strong></span> <span class='ocrx_word' id='word_1_195' title='bbox 1076 3650 1228 3736; x_wconf 89' lang='lat' dir='ltr'><strong>legimus,</strong></span> <span class='ocrx_word' id='word_1_196' title='bbox 1256 3653 1311 3735; x_wconf 90' lang='lat' dir='ltr'><strong>qui</strong></span> 
     </span>
     <span class='ocr_line' id='line_1_30' title="bbox 165 3757 1310 3844; baseline 0.001 -20"><span class='ocrx_word' id='word_1_197' title='bbox 165 3759 315 3843; x_wconf 69' lang='lat' dir='ltr'><strong>hospitetur</strong></span> <span class='ocrx_word' id='word_1_198' title='bbox 338 3757 445 3840; x_wconf 83' lang='grc' dir='ltr'>τύφου</span> <span class='ocrx_word' id='word_1_199' title='bbox 467 3758 596 3823; x_wconf 88' lang='lat' dir='ltr'><strong>excitati</strong></span> <span class='ocrx_word' id='word_1_200' title='bbox 624 3758 735 3823; x_wconf 90' lang='lat' dir='ltr'><strong>eadem</strong></span> <span class='ocrx_word' id='word_1_201' title='bbox 756 3762 851 3842; x_wconf 85' lang='lat' dir='ltr'><strong>atque</strong></span> <span class='ocrx_word' id='word_1_202' title='bbox 872 3758 1038 3844; x_wconf 88' lang='lat' dir='ltr'><strong>Lycurgus</strong></span> <span class='ocrx_word' id='word_1_203' title='bbox 1061 3762 1093 3823; x_wconf 91' lang='lat' dir='ltr'><strong>et</strong></span> <span class='ocrx_word' id='word_1_204' title='bbox 1115 3758 1215 3824; x_wconf 80' lang='lat' dir='ltr'><strong>Solon</strong></span> <span class='ocrx_word' id='word_1_205' title='bbox 1237 3783 1310 3825; x_wconf 91' lang='lat' dir='ltr'><strong>con-</strong></span> 
     </span>
     <span class='ocr_line' id='line_1_31' title="bbox 163 3867 1310 3954; baseline 0.003 -23"><span class='ocrx_word' id='word_1_206' title='bbox 163 3867 308 3932; x_wconf 88' lang='lat' dir='ltr'><strong>tentione</strong></span> <span class='ocrx_word' id='word_1_207' title='bbox 322 3871 523 3952; x_wconf 82' lang='lat' dir='ltr'><strong>moveantur‚</strong></span> <span class='ocrx_word' id='word_1_208' title='bbox 546 3890 626 3953; x_wconf 89' lang='lat' dir='ltr'><strong>quos</strong></span> <span class='ocrx_word' id='word_1_209' title='bbox 648 3869 791 3933; x_wconf 90' lang='lat' dir='ltr'><strong>omnium</strong></span> <span class='ocrx_word' id='word_1_210' title='bbox 810 3869 1071 3954; x_wconf 88' lang='lat' dir='ltr'><strong>legumlatorum,</strong></span> <span class='ocrx_word' id='word_1_211' title='bbox 1095 3869 1149 3954; x_wconf 91' lang='lat' dir='ltr'><strong>qui</strong></span> <span class='ocrx_word' id='word_1_212' title='bbox 1164 3869 1204 3934; x_wconf 88' lang='lat' dir='ltr'><strong>ad</strong></span> <span class='ocrx_word' id='word_1_213' title='bbox 1219 3892 1310 3935; x_wconf 89' lang='lat' dir='ltr'><strong>suum</strong></span> 
     </span>
     <span class='ocr_line' id='line_1_32' title="bbox 95 3974 1310 4066; baseline 0.003 -25"><span class='ocrx_word' id='word_1_214' title='bbox 95 3974 101 3985; x_wconf 81' lang='grc'><strong>’</strong></span> <span class='ocrx_word' id='word_1_215' title='bbox 164 3979 305 4061; x_wconf 88' lang='lat' dir='ltr'><strong>ipsorum</strong></span> <span class='ocrx_word' id='word_1_216' title='bbox 332 3979 460 4042; x_wconf 89' lang='lat' dir='ltr'><strong>tantum</strong></span> <span class='ocrx_word' id='word_1_217' title='bbox 486 3978 653 4043; x_wconf 90' lang='lat' dir='ltr'><strong>arbitrium</strong></span> <span class='ocrx_word' id='word_1_218' title='bbox 683 3982 715 4043; x_wconf 96' lang='lat' dir='ltr'><strong>et</strong></span> <span class='ocrx_word' id='word_1_219' title='bbox 735 3981 849 4043; x_wconf 89' lang='lat' dir='ltr'><strong>nutum</strong></span> <span class='ocrx_word' id='word_1_220' title='bbox 876 3978 1068 4063; x_wconf 87' lang='lat' dir='ltr'><strong>reipublicae</strong></span> <span class='ocrx_word' id='word_1_221' title='bbox 1094 3979 1310 4066; x_wconf 84' lang='lat' dir='ltr'><strong>gubernacula</strong></span> 
     </span>
     <span class='ocr_line' id='line_1_33' title="bbox 162 4088 1309 4178; baseline 0.002 -27"><span class='ocrx_word' id='word_1_222' title='bbox 162 4089 292 4152; x_wconf 87' lang='lat' dir='ltr'><strong>tractari</strong></span> <span class='ocrx_word' id='word_1_223' title='bbox 306 4088 422 4169; x_wconf 87' lang='lat' dir='ltr'><strong>velint,</strong></span> <span class='ocrx_word' id='word_1_224' title='bbox 447 4089 592 4171; x_wconf 85' lang='lat' dir='ltr'><strong>exempla</strong></span> <span class='ocrx_word' id='word_1_225' title='bbox 608 4088 731 4153; x_wconf 88' lang='lat' dir='ltr'><strong>homini</strong></span> <span class='ocrx_word' id='word_1_226' title='bbox 752 4089 853 4153; x_wconf 87' lang='lat' dir='ltr'><strong>libero</strong></span> <span class='ocrx_word' id='word_1_227' title='bbox 868 4088 1002 4154; x_wconf 89' lang='lat' dir='ltr'><strong>ridicula</strong></span> <span class='ocrx_word' id='word_1_228' title='bbox 1016 4089 1178 4174; x_wconf 88' lang='lat' dir='ltr'><strong>proponit.</strong></span> <span class='ocrx_word' id='word_1_229' title='bbox 1203 4088 1309 4178; x_wconf 20' lang='lat' dir='ltr'><strong>‚Cujus</strong></span> 
     </span>
     <span class='ocr_line' id='line_1_34' title="bbox 163 4197 1307 4282; baseline 0.003 -22"><span class='ocrx_word' id='word_1_230' title='bbox 163 4197 346 4262; x_wconf 87' lang='lat' dir='ltr'><strong>ambitionis</strong></span> <span class='ocrx_word' id='word_1_231' title='bbox 375 4212 501 4263; x_wconf 89' lang='lat' dir='ltr'><strong>causam</strong></span> <span class='ocrx_word' id='word_1_232' title='bbox 523 4197 688 4263; x_wconf 89' lang='lat' dir='ltr'><strong>Lucretius</strong></span> <span class='ocrx_word' id='word_1_233' title='bbox 710 4197 758 4281; x_wconf 91' lang='lat' dir='ltr'><strong>V,</strong></span> <span class='ocrx_word' id='word_1_234' title='bbox 785 4199 867 4263; x_wconf 81' lang='lat'>1120</span> <span class='ocrx_word' id='word_1_235' title='bbox 889 4221 974 4282; x_wconf 89' lang='lat' dir='ltr'><strong>seqq.</strong></span> <span class='ocrx_word' id='word_1_236' title='bbox 1004 4198 1109 4262; x_wconf 86' lang='lat' dir='ltr'><strong>verbis</strong></span> <span class='ocrx_word' id='word_1_237' title='bbox 1138 4197 1227 4264; x_wconf 90' lang='lat' dir='ltr'><strong>hisce</strong></span> <span class='ocrx_word' id='word_1_238' title='bbox 1255 4200 1307 4264; x_wconf 82' lang='lat' dir='ltr'><strong>ad-</strong></span> 
     </span>
     <span class='ocr_line' id='line_1_35' title="bbox 162 4306 335 4372; baseline -0.012 0"><span class='ocrx_word' id='word_1_239' title='bbox 162 4306 335 4372; x_wconf 85' lang='lat' dir='ltr'><strong>umbravit:</strong></span> 
     </span>
    </p>
   </div>
   <div class='ocr_carea' id='block_1_8' title="bbox 0 0 1482 4942">
    <p class='ocr_par' dir='ltr' id='par_1_12' title="bbox 0 0 1482 4942">
     <span class='ocr_line' id='line_1_36' title="bbox 0 0 1482 4942; baseline 0 6"><span class='ocrx_word' id='word_1_240' title='bbox 0 0 1482 4942; x_wconf 95' lang='lat' dir='ltr'><strong> </strong></span> 
     </span>
    </p>
   </div>
  </div>
 </body>
</html>
