2956 4942
630 277 840 340 „49-

163 447 345 532 bonumque
375 469 486 511 vocem
515 448 584 511 fore
617 467 746 530 prorsus
779 447 917 510 inanem.
975 443 1048 509 Vid.
1079 443 1143 511 oie.
1171 443 1308 510 Tuscull.

163 556 510 641 Dispp.lll,18,42.
693 535 695 541 ’

247 668 308 732 Per
336 668 477 752 corporis
506 689 616 732 ansam
645 667 791 751 voluptas
819 668 951 731 erebus
981 666 1119 730 externis
1142 665 1307 748 excipitur,

163 778 197 840 in
220 798 352 861 corpore
381 799 475 842 causa
496 779 566 863 ipsa
587 778 730 841 nascitur
751 778 907 861 voluptas.
951 776 1109 860 Epicurus
1138 778 1170 840 et
1192 775 1308 839 Metro-

164 887 259 951 dorus
281 888 491 971 voluptatem
501 888 563 971 ipsi
587 887 713 972 corpori
735 887 878 950 innatam
906 909 944 951 ea
965 887 1118 969 majorem
1141 886 1308 968 duxerunt,

164 1019 257 1080 quam
285 1020 342 1081 per
364 1020 479 1082 corpus
508 998 640 1062 erebus
664 998 840 1081 capiamus,
874 997 957 1061 unde
979 997 1134 1061 dissensio
1164 1017 1236 1060 cum
1257 995 1310 1058 Ti-

163 1110 304 1171 mocrate
327 1108 457 1171 exst'tit.
501 1107 590 1193 Ergo
613 1109 694 1175 ratio
718 1109 891 1173 secundum
912 1110 1044 1171 naturae
1065 1128 1209 1170 normam
1232 1105 1310 1169 boni

164 1217 320 1301 originem
353 1218 529 1281 accuratius
564 1218 764 1301 exploratura
791 1239 858 1281 non
885 1220 993 1301 potest
1019 1237 1086 1280 non
1122 1238 1139 1280 e
1168 1216 1309 1299 corporis

164 1327 384 1399 affectionibus
406 1327 600 1412 principium.
622 1350 745 1392 sumere
774 1328 807 1411 (ὁ
829 1330 909 1394 κατὰ
930 1329 1026 1408 φύειν
1051 1328 1188 1409 βαδίζων
1211 1329 1310 1403 λόγος

164 1437 257 1522 κτλ.).
301 1436 420 1500 Iterum
444 1439 600 1522 sequitur,
629 1441 680 1521 ut,
709 1458 771 1522 quo
794 1438 929 1501 validior
952 1437 1093 1521 corporis
1123 1437 1166 1500 sit
1194 1437 1309 1500 consti-

163 1546 260 1628 tutio,
285 1569 322 1610 eo
343 1547 415 1631 plus
436 1548 581 1631 polleant
603 1570 752 1612 sensuum
774 1548 933 1612 motiones
956 1548 1018 1631 ipsi
1033 1546 1159 1630 corpori
1182 1546 1309 1609 innatae

165 1656 265 1739 (quas
294 1657 421 1740 quidem
457 1658 491 1721 in
518 1658 706 1743 fragmentis
740 1658 846 1721 allatis
875 1658 1043 1741 praecipue
1071 1656 1225 1740 proponit
1257 1678 1310 1720 ne-

162 1766 277 1848 glectis
300 1767 402 1849 aliis):
431 1771 540 1831 ventre
562 1769 693 1831 metitur
715 1767 844 1831 bonum.
881 1767 951 1832 sed
971 1767 1037 1849 jam
1065 1767 1105 1830 ad
1127 1766 1310 1852 fragmenta

164 1874 226 1936 alia
246 1896 428 1958 pergamus.

707 1987 765 2043 lx.

317 2111 382 2178 cic.
406 2113 444 2177 de
467 2114 554 2178 finib.
577 2113 620 2198 II,
642 2115 694 2197 28,
717 2115 768 2179 92.

248 2222 350 2306 „Ipse
378 2223 470 2286 enim·
490 2223 707 2307 Metrodorus,
740 2246 841 2308 paene
869 2225 950 2289 alter
977 2224 1148 2309 Epicurus,
1182 2226 1310 2289 beatum

165 2353 234 2395 esse
256 2332 408 2396 describit
434 2332 484 2396 his
507 2334 573 2397 fere
601 2334 721 2398 verbis:
750 2356 822 2398 curn
850 2356 965 2418 corpus
992 2335 1074 2398 bene
1103 2336 1311 2399 constitutum

165 2442 208 2505 sit
229 2445 262 2505 et
284 2442 327 2506 sit
348 2443 563 2527 exploratum,
587 2444 633 2507 ita
653 2444 796 2508 futurum
803 2447 830 2508 “.

317 2552 464 2616 Eundem
486 2553 662 2618 Metrodori
684 2553 790 2618 locum
812 2554 944 2618 denotat
966 2554 1004 2618 de
1020 2554 1073 2618 off.
1089 2553 1217 2639 111,33,
1235 2555 1310 2618 117:

248 2661 352 2748 „Vita
380 2663 484 2727 omnis
513 2664 606 2728 beata
636 2664 778 2748 corporis
805 2664 896 2727 firma
925 2664 1154 2728 constitutione
1182 2665 1312 2749 ejusque
1394 2714 1397 2720 .

166 2773 404 2836 constitutionis
420 2796 476 2857 spe
492 2775 670 2858 explorata,
694 2778 730 2838 ut
752 2797 770 2837 a
785 2774 969 2839 Metrodoro
985 2775 1211 2859 scriptumest,
1235 2797 1311 2838 con·

165 2882 322 2946 tinctur“.
345 2921 387 2930 —-
410 2883 459 2949 uf.
483 2884 622 2949 Tuscull.
647 2884 761 2968 Dispp.
783 2885 827 2968 ΙΙ,
851 2886 881 2967 6,
906 2886 959 2968 17;
983 2884 1022 2968 V,
1045 2884 1075 2968 9,
1098 2885 1139 2950 27
1155 2884 1207 2949 all.

717 3073 758 3126 X.

318 3204 418 3271 Clam.
441 3206 533 3271 Alex.
557 3211 665 3271 strom.
688 3206 734 3292 II,
754 3207 816 3272 417
834 3205 869 3271 O.

250 3316 287 3380 Ὁ
311 3319 346 3382 δὲ
370 3318 590 3399 Μητρόδωρος
614 3318 649 3384 ἐν
670 3325 716 3402 τῷ
738 3320 818 3400 Περὶ
832 3321 891 3383 τοῦ
914 3319 1043 3398 μείζονα
1066 3317 1222 3397 εἶναιτὴν
1237 3321 1312 3398 παρ’

166 3426 247 3505 ἡμᾶς
269 3427 370 3493 αἰτίαν
392 3430 475 3509 πρὸς
497 3429 703 3508 εὐδαιμονίαν
725 3432 782 3506 τῆ(
803 3429 837 3493 ἐκ
859 3434 925 3494 τῶν
947 3429 1142 3508 πραγμάτων
1166 3430 1311 3511 Ἀγαθόν,

167 3557 257 3616 φητι,
288 3542 394 3616 ψυχῆς
415 3539 445 3602 τί
467 3538 564 3621 ἄλλο,
593 3541 612 3619 ἢ
634 3541 672 3604 τὸ
696 3541 810 3620 ταρκὸ(
832 3539 980 3606 εὐτταθὲ(
1002 3539 1180 3617 κατάττημα
1202 3540 1253 3602 καὶ
1274 3541 1311 3604 τὸ

166 3650 240 3726 περὶ
260 3647 376 3726 ταύτης
398 3650 510 3715 πιττὸν
533 3650 683 3731 ἕλττιεμα;

708 3836 766 3891 XI.

319 3970 479 4036 Plutarch.
503 3992 569 4036 non
590 3993 685 4056 posse
707 3994 793 4037 suav.
817 3974 878 4040 viv.
906 3973 987 4039 1087
1003 3972 1043 4036 D.

253 4082 384 4148 Οἴονται
413 4085 449 4148 δὲ
476 4084 548 4162 περὶ
569 4085 706 4163 γαατὲρα
739 4083 861 4160 ἀγαθὸν
895 4083 978 4150 εἶναι
1005 4085 1055 4148 καὶ
1082 4084 1159 4148 τοὺ(
1193 4083 1313 4147 ἄλλους

168 4193 292 4271 πόρου(
320 4197 376 4272 τῆ(
405 4194 521 4274 cupio<
549 4192 708 4278 ἅπαντατ,
743 4196 782 4258 δι’
810 4195 856 4261 ὧν
885 4195 987 4272 ἡδονὴ
1016 4193 1067 4258 καὶ
1094 4195 1135 4272 μὴ
1163 4192 1312 4271 ἀλγηδὼν

168 4302 339 4381 εἰτέμχεται
368 4306 419 4368 καὶ
446 4305 552 4370 πάντα
579 4307 618 4370 τὰ
647 4307 727 4369 καλὰ
754 4306 806 4369 καὶ
833 4306 919 4384 τοφὰ
942 4304 1137 4384 ἐξευρήματα
1163 4307 1219 4381 τῆ(
1241 4306 1314 4383 περὶ

218 4413 238 4451 D
239 4423 332 4452 lllllll
1095 4428 1111 4474 4
