2956 4942
625 245 833 308 ..pl-

152 416 205 480 ἐπὶ
227 417 285 494 τὴν
310 418 425 497 coptus
450 414 504 499 (cf.
521 415 656 479 Metrod.
680 416 793 500 fragm.
816 438 903 481 num.
920 416 1046 480 XXXII
1062 421 1094 482 et
1109 420 1200 505 not).
1247 420 1303 485 Oe-

129 528 256 591 ternm
284 524 358 588 talis
388 524 451 588 fnit
471 525 619 610 magistri
648 528 785 590 sectator
806 525 1023 610 Metrodorus,
1052 530 1089 590 ut
1110 550 1128 591 a
1150 527 1302 595 Cicerone

152 634 190 698 de
212 634 300 700 finib.
324 633 371 716 II,
394 635 446 717 28,
469 634 510 700 92
532 657 664 718 „paene
686 637 767 701 alter
788 636 976 720 Epicurus“
997 641 1206 721 nuncupetur.
1252 640 1299 706 cf.

151 743 290 809 Tuscull.
314 743 426 827 Dispp.
450 743 498 828 II,
520 745 550 827 3,
574 745 602 809 8.
647 746 765 830 Atqui,
787 747 851 811 nisi
872 745 1072 827 Metrodorus
1094 748 1213 832 aliquid
1234 773 1301 816 mo·
1415 837 1416 840 Ἴ

150 853 251 918 menti
272 854 427 938 gravioris
450 853 490 921 ad
512 855 615 938 ipsam
631 855 808 920 doctrinam
830 856 956 937 habuit,
979 879 1207 942 cur,·quaes0,
1232 861 1299 943 ejus

150 965 300 1048 dogmata
321 964 520 1030 laudaverint
541 965 736 1048 scriptores?
764 965 850 1042 Quin
863 966 1053 1030 Plutarchus
1076 989 1149 1032 cum
1171 970 1202 1034 vi
1224 992 1299 1053 qua-

149 1075 222 1140 dam
249 1075 340 1139 illum
368 1073 419 1139 his
442 1075 546 1139 verbis
575 1076 698 1140 inducit
726 1081 806 1160 (non
827 1097 921 1160 posse
944 1098 1030 1141 suav.
1053 1077 1114 1141 viv.
1141 1078 1223 1144 1094
1237 1081 1298 1166 E):

148 1188 370 1266 παραθήεομαι
392 1187 475 1264 μόνα
497 1187 537 1251 τὰ
560 1187 799 1270 Μητροδώρου,
829 1189 862 1249 et
889 1185 977 1270 (adv.
1002 1185 1102 1252 Colct.
1129 1188 1209 1252 1127
1232 1189 1297 1275 Bp:

148 1297 168 1360 ἃ
195 1297 232 1362 δὲ
255 1297 474 1376 Μητρόδωρος
498 1334 538 1342 -
560 1297 739 1379 γέγραφεν,
770 1296 830 1362 οὐκ
858 1298 949 1380 ᾤμην
971 1301 1038 1364 δεῖν
1066 1302 1214 1378 παρεῖναι
1244 1298 1297 1383 (cf.

147 1404 324 1470 Philodem.
354 1405 392 1470 de
414 1405 484 1469 vitt.
508 1405 593 1469 virtt.
624 1426 733 1489 oppos
763 1404 796 1471 O.
820 1406 859 1469 A.
883 1404 933 1469 ΙΠ
956 1407 1013 1470 ccl.
1029 1406 1069 1470 27
1080 1431 1087 1491 ;
1118 1408 1157 1472 de
1178 1408 1295 1474 rhetor.

148 1515 182 1581 O.
205 1517 244 1580 A.
274 1514 305 1579 V
327 1515 384 1579 ccl.
400 1514 460 1601 22)
467 1563 476 1597 ,
499 1515 631 1598 perinde
659 1536 696 1580 ac
725 1513 845 1580 Seneca
874 1515 980 1600 epistt.
1010 1515 1155 1582 LXXXI.
1179 1517 1294 1584 XCIX.

146 1626 261 1710 longus
272 1628 326 1690 est
346 1625 381 1689 in
396 1625 578 1691 Metrodoro
593 1625 770 1690 refutando.
808 1624 976 1690 Praeterea
991 1625 1195 1691 Philodemus
1212 1650 1294 1694 com-

145 1736 398 1800 mentationibus
419 1757 570 1820 persaepe
592 1735 730 1799 intexuit
752 1735 981 1819 explicationes
998 1736 1215 1822 Lampsaceni,
1238 1740 1295 1804 scd

146 1867 221 1910 casu
248 1845 385 1929 quodam
415 1845 546 1928 accidit,
576 1847 612 1908 ut
633 1846 856 1930 argumentum
879 1845 945 1909 fere
967 1847 1109 1911 omnium
1116 1896 1126 1930 ,
1154 1871 1233 1932 quas
1256 1872 1294 1914 cx

145 1957 212 2040 ejus
234 1955 324 2023 libris
346 1956 469 2038 attulit,
492 1954 805 2038 interpretationum,
833 1975 992 2018 summum
1014 1956 1137 2041 ingenii
1160 1980 1294 2024 acumen
1347 1951 1349 1959 ’

144 2067 258 2150 majori
285 2087 324 2130 ex
351 2069 440 2148 parte
468 2066 653 2148 frustretur,
689 2063 773 2147 qnod
801 2063 898 2128 verbe
924 2065 1043 2130 nullius
1072 2052 1293 2150 explicationis

40 2167 46 2178 ⁵
143 2178 315 2260 supersunt
337 2177 472 2260 integra.

228 2286 448 2371 Cogitationes
470 2307 545 2350 vero
568 2285 607 2349 ab
625 2285 766 2369 Epicuro
789 2285 856 2348 sive
879 2285 996 2350 scholis
1019 2287 1086 2351 sive
1107 2288 1199 2353 libris
1221 2293 1290 2354 tan-

143 2400 211 2460 tum
248 2397 451 2461 adumbratas
480 2394 681 2459 Metrodorus
714 2414 779 2458 ncn
811 2394 916 2459 solum
949 2396 1153 2461 confirmasse
1186 2401 1290 2484 expla-

142 2508 248 2572 nando
258 2510 303 2592 n),
336 2507 392 2570 sed
420 2510 452 2570 et
478 2505 655 2570 illustrasse
683 2504 937 2588 consequentiis,
966 2527 1026 2570 nec
1053 2507 1159 2571 minus
1187 2510 1290 2574 varias

141 2639 248 2682 rerum
270 2615 624 2699 circumspiciendarum
645 2614 787 2679 rationes
815 2614 1015 2699 excogitasse
1037 2638 1196 2701 novasque
1217 2642 1290 2704 pro-

141 2726 253 2792 tulisse
280 2726 573 2810 argumentationes
596 2725 995 2810 sententiarummagistri
1016 2726 1249 2793 fulciendarum
1271 2753 1290 2794 a

33 2841 37 2846 '
141 2836 330 2901 Philodamo
352 2835 391 2900 de
411 2836 481 2900 vltt.
499 2836 584 2899 virtt.
601 2856 712 2919 oppos
735 2833 770 2899 0.
786 2833 821 2899 P.
838 2833 888 2898 ΠΙ
911 2835 971 2900 οοΙ.
987 2836 1027 2899 27
1051 2837 1203 2920 traditur,
1227 2862 1289 2923 quo

141 2947 211 3011 loco
234 2946 369 3030 scriptor
392 2967 425 3010 se
447 2968 514 3011 non
536 2946 606 3010 sine
627 2944 815 3010 auctoritate
829 2945 985 3029 principis
1008 2949 1082 3026 περὶ
1103 2948 1288 3030 οἰκονομία(

141 3056 323 3141 exposuisse
350 3056 395 3120 ait
416 3055 580 3140 additque:
608 3057 682 3135 ἡμῖν
705 3058 762 3135 μὲν
784 3054 894 3121 ἱκανὸς
917 3058 983 3136 μετ’
1005 3057 1194 3138 Ἐπικούρου
1219 3061 1287 3139 Μη-

139 3168 305 3248 τρόδωρος
327 3167 523 3232 ἐπιετέλλων
545 3168 596 3230 καὶ
618 3168 785 3245 παραινῶν
813 3167 864 3230 καὶ
886 3171 1016 3233 διοικῶν
1039 3166 1285 3249 ἐπιμελέετερον

139 3279 296 3360 καὶμέχρι
311 3277 517 3357 μικροτέρων.
548 3275 640 3351 Quod
662 3275 778 3339 attinet
796 3297 898 3360 genus
921 3275 1106 3360 scripturae,
1128 3277 1286 3363 fragmen·

138 3387 180 3451 tis
208 3387 304 3472 longe
326 3385 472 3471 plurimis
496 3388 600 3455 certus
622 3384 734 3449 modus
762 3387 909 3468 certaque
937 3386 1135 3469 exprimendi
1164 3389 1286 3470 species

137 3495 297 3580 inhaeret,
326 3499 515 3582 argumento
542 3495 583 3559 ab
610 3493 743 3579 Epicuri
771 3494 918 3558 doctrina
946 3496 1077 3560 cumino
1105 3518 1171 3560 non
1199 3496 1285 3562 diffe-

136 3610 236 3671 rente.
280 3605 427 3690 Namque
449 3606 534 3670 inest
555 3605 589 3670 in
611 3604 666 3688 iis,
689 3626 768 3688 quae
790 3607 928 3689 restant,
956 3604 1065 3688 dictis,
1089 3609 1183 3690 atque
1206 3606 1285 3672 haec

136 3719 186 3781 cst
213 3737 323 3800 causa,
352 3716 435 3800 quod
457 3715 675 3780 Metrodorum
703 3715 742 3778 ab
770 3715 909 3778 inimicis
938 3708 1128 3780 creberrime
1151 3717 1284 3782 cltatum

135 3827 294 3911 videmus,
330 3826 376 3890 vis
404 3827 560 3910 quaedam
587 3826 779 3890 sententiam
809 3846 967 3890 exacuens
994 3826 1283 3911 vocabulorumque

135 3937 322 4002 notionibus
349 3935 567 4001 vehementius
596 3935 672 4020 quid
699 3935 861 4020 injiciens,
896 3957 958 4018 qua
985 3935 1035 4019 fit,
1072 3938 1108 4001 ut
1128 3935 1282 4021 magistro

203 4201 225 4266 ¹¹)
245 4197 286 4253 Of.
300 4198 355 4253 Cic.
368 4200 491 4254 Tuscull.
503 4198 599 4266 Dispp.
613 4198 646 4264 V,
659 4205 683 4265 9,
695 4205 740 4253 27:
759 4198 862 4264 „Quod
879 4198 955 4253 idem
973 4196 1177 4252 melioribus
1196 4195 1281 4252 etiam

134 4283 246 4339 verbis“
265 4287 361 4352 (quam
378 4284 525 4353 Epicurus)
545 4282 755 4350 ‚,Metr0dorus“
774 4283 826 4356 cet.
